3159 4409
305 495 367 563 ετο
498 501 566 562 ux
605 495 1049 576 [ΔΗΜοΣοκΝονΣ]

302 658 452 766 Ἀθηναίῳ
462 661 530 743 ξένη
541 666 674 763 συνοικῇ,
685 664 856 759 πεπρᾶσθαι
867 682 990 740 ταυτην,
1002 653 1077 723 κατὰ
1088 665 1193 723 τοῦτον
1202 654 1251 724 τόν

304 746 405 848 νόμον
407 725 454 808 ἐπὶ
465 740 628 828 Νέαιραν’
607 767 672 826 ηκει
687 737 882 842 Θεόμνηστος,
895 742 987 824 λέγων
999 750 1148 807 συνοικεῖν
1159 737 1251 825 αὐτὴν

304 825 448 930 Στεφάνῳ
458 835 615 910 γεγονυῖαν
625 827 678 908 μὲν
689 820 799 927 δοόληγ
811 825 991 908 Νικαρέτης,
1014 824 1208 910 δταιρήσασαν
1220 828 1250 892 δὲ

303 909 459 996 πρότερον,
482 918 539 974 νῦν
557 911 589 974 δὲ
599 905 744 994 Στεφανω
754 932 836 994 νομα
847 915 1042 973 συνοικουσαν
1051 936 1102 973 και
1092 911 1249 974 πεπαιδο-

303 996 504 1077 ποιημένηνέξ
516 990 615 1058 αὐτοῦ.
636 989 696 1057 555
700 971 897 1094 Στέφανος’
863 987 1165 1102 ουχόμολοχεῑταῦτα,
1177 989 1250 1104 ἄλλό

304 1090 435 1144 συνεῖναι
450 1079 503 1159 μὲν
520 1102 595 1182 ριντη
580 1070 751 1179 φησίν,
733 1100 771 1150 ως
783 1076 916 1178 ἑταίρῳ
893 1076 983 1139 δὲ
935 1102 986 1139 και
997 1102 1032 1140 ου
1023 1072 1178 1180 ’γνναιιιλ,
1200 1080 1249 1142 και

303 1188 371 1239 τους
379 1156 530 1237 παιδας
497 1186 552 1226 ουκ
561 1162 594 1224 ἐκ
602 1183 707 1240 ταοτης
716 1161 801 1261 ἔχειν
819 1182 892 1241 προς
899 1155 1247 1264 οπεροκατηγοροςανθ

304 1244 459 1349 ιστόμενος
472 1240 528 1308 οόκ
543 1240 626 1327 όλίγα
644 1239 785 1345 τεκμήρια
801 1239 983 1346 παρέχεται
964 1270 1003 1319 ως
1012 1253 1141 1327 γυναῖκα
1152 1265 1247 1310 συνοι-

304 1338 368 1395 κεῖν
384 1323 485 1433 αρτήν.
518 1332 637 1431 γίνεται
644 1323 778 1390 τοίνυν’
764 1323 894 1429 ηστόσις
904 1350 956 1390 του
943 1323 1057 1431 λόγου
1068 1326 1246 1434 στοχαστική.

303 1409 414 1516 περλ
380 1440 437 1498 γαρ
448 1407 586 1489 οὐσίας
558 1437 590 1476 το
602 1408 727 1516 ζήτημα,
745 1410 796 1472 καὶ
807 1407 872 1472 ου”τε
881 1433 948 1511 περι
938 1409 1148 1514 ίδιότητος”
1110 1438 1177 1478 ουτε
1185 1414 1249 1496 περι

303 1494 488 1600 ποιότητος.
495 1522 531 1561 τα
519 1485 653 1601 μίγ
616 1520 677 1559 ουν
686 1499 788 1596 πρῶτα
804 1517 856 1556 τον
843 1489 961 1576 λόγον
974 1493 1155 1600 Θερμνηστος
1166 1499 1247 1580 λέγει,

304 1583 400 1645 ἐπειτα
411 1578 577 1687 συνήγορον
583 1574 900 1660 Ἀπολλόδοιρονκαλεῖ
904 1574 1074 1672 κηδεστην”
1056 1605 1128 1645 οντα
1145 1583 1248 1645 ἐαυτοῦ
1277 1594 1279 1605 “

302 1659 755 1747 κολκεῖνοςτόνᾶγώναποιειται.

323 1929 326 1935 ¹
384 1838 498 1907 Πολλοί
515 1865 555 1925 με
572 1838 612 1906 τὰ
630 1846 886 1924 παρακαλοῦντα
899 1832 961 1926 ἦν,
983 1832 1299 1927 ώόένδρεςἏθη-Ῑδδ

300 1950 404 2021 ναῖοι,
425 1938 619 2024 γράψασθαι
635 1940 784 2021 Νέαιραν
803 1936 867 2026 τὴν
884 1936 1019 2024 γραφὴν
1040 1941 1177 2026 ταυτηνὶ
1194 1944 1246 2008 καλ

300 2039 464 2104 εἰσελθεῖν
481 2042 527 2114 είς
544 2035 638 2123 ὑμᾶς.
675 2033 811 2121 καὶγὰρ
828 2034 1013 2123 ἠδικήμεθα
1029 2034 1095 2105 ὑπὸ
1112 2038 1247 2123 Στεφά-

299 2158 363 2201 νου
378 2134 504 2220 μεγολλα
520 2137 576 2202 καλ
593 2138 638 2213 εἰς
649 2134 829 2213 κινδύνους
838 2135 916 2213 τούς
927 2133 1081 2221 ἐσχάτους
1091 2139 1247 2223 κατέστη-

299 2258 361 2318 μεν
383 2229 443 2300 ὑπ’
465 2230 571 2301 αὐτοῦ
595 2231 616 2300 5
636 2258 671 2301 τε
681 2230 839 2321 κηδεστὴς
860 2235 916 2301 καλ
935 2234 998 2320 ἐγώ
1015 2232 1101 2321 καὶὴ
1118 2225 1244 2320 ἀδελφὴ

298 2332 353 2398 καλ
370 2328 390 2418 5
403 2330 487 2417 γυνὴ
497 2329 518 2418 5
530 2330 607 2420 ἐμὴ,
629 2331 709 2400 ὥστ’
721 2330 782 2418 οὐχ
794 2329 966 2419 ὑπάρχων,
989 2331 1072 2402 ἀλλὰ
1082 2332 1246 2420 τιμωρού-

297 2453 396 2514 μενος
407 2426 612 2517 ἀγωνιοῦμαι
622 2430 682 2499 τόν
692 2428 805 2516 ἀγῶνα
815 2439 963 2501 τουτονί·
981 2439 1038 2519 τῆς
1048 2430 1112 2519 γὰρ
1125 2437 1253 2520 ἔχθρας.

297 2526 457 2614 πρότερος
467 2523 564 2608 οὗτος
575 2527 731 2616 ὑπῆρξεν,
742 2527 841 2598 οὐδὲν
852 2527 909 2616 ὑφ’
921 2526 1016 2617 ἡμῶν
1026 2530 1159 2600 πώποτε
1169 2530 1245 2599 οὔτε

296 2623 384 2713 λόγῳ
403 2624 479 2693 οὔτε
491 2632 576 2716 ἐργῳ
588 2626 693 2696 κακόν
703 2629 833 2696 παθών.
854 2625 1016 2716 βούλομαι
1027 2625 1059 2696 δ’
1071 2627 1152 2716 ὑμῖν
1162 2655 1245 2715 προ-

296 2723 519 2809 διηγήσασθαι
533 2723 706 2809 πρώτουδί
727 2727 943 2814 πεπόνθαμεν
964 2725 1024 2795 ὑπ’
1047 2727 1167 2815 αὐτοῦ,
1189 2734 1244 2797 ἳνα

294 2821 424 2906 μᾶλλόν
441 2848 497 2906 μοι
513 2822 714 2910 συγγνώμην
730 2830 822 2911 ἔχητε
838 2823 1052 2914 οίμννομένῳ,
1077 2829 1133 2895 καλ
1145 2824 1189 2906 ώς
1199 2833 1243 2906 είς
1289 2834 1292 2843 ’

293 2918 450 3004 ἐσχάτους
465 2920 645 3000 κινδύνους
662 2926 863 3011 κατέστημεν
879 2932 958 3009 περί
971 2951 1006 2992 τε
1020 2933 1078 3013 τῆς
1088 2931 1243 3013 πατρίδος

293 3018 347 3089 καὶ
359 3018 432 3103 περὶ
444 3014 579 3105 ἀτιμίας.

268 3135 285 3186 2
379 3117 939 3207 Ψηφισαμένουγάρτοῦδήμοντοῦ
947 3120 1134 3209 Ἀθηναίων
1142 3122 1243 3213 Ἀθη-

293 3228 388 3281 ναῖον
409 3214 493 3282 εἶναι
507 3224 667 3285 Πασίωνα
687 3221 743 3286 καλ
762 3221 922 3305 ἐκγόνους
941 3218 1020 3300 τοδς
1040 3225 1169 3291 ἐκείνου
1188 3225 1242 3292 διὰ

292 3308 349 3387 τὰς
365 3309 552 3400 εὐεργεσίας
567 3315 625 3396 τοὶς
641 3316 738 3397 εἰς
702 3345 768 3405 την
780 3318 933 3407 πόλιν,’
918 3321 1125 3408 ομογνώμων
1145 3318 1239 3390 uaz‘
1222 3349 1240 3390 ο

292 3406 399 3492 πατὴρ
411 3411 567 3495 ἐγένετοὸ
577 3414 706 3504 ἐμὸςτη
715 3443 776 3485 του
764 3419 896 3504 δήμου
905 3423 1033 3507 δωρεᾷ,
1051 3421 1106 3488 καλ
1116 3425 1240 3541 ἐδῳκεν

222 3502 228 3529 ’
290 3501 524 3624 Ἀπολλοδώρῳ
537 3540 586 3603 τῳ
569 3519 667 3582 νίεῖ
673 3542 718 3605 τῳ
707 3521 859 3583 ἐκείνου
869 3519 1085 3604 θυγατέρα
1050 3544 1112 3603 μεν
1123 3516 1239 3603 αὑτοῦ,

292 3601 442 3724 ρλδελφὴν
451 3609 596 3699 δέἐμὴν,
613 3607 687 3694 ἐξ
663 3642 703 3701 ης
716 3613 953 3704 Ἀπολλοδώρῳ
973 3619 1008 3683 oc
1021 3620 1134 3695 παῖδές
1145 3623 1237 3685 εἰσιν.

293 3701 389 3781 ὄντος
399 3703 434 3773 δέ
443 3718 588 3794 χρηστοῦ
599 3738 660 3780 του
646 3711 920 3800 Ἀπολλοδώρου
937 3721 1015 3800 περι
1021 3741 1057 3784 τε
1067 3713 1129 3803 τὴν
1139 3713 1239 3785 ἀδελ-
