3159 4409
508 496 652 560 RATA
672 465 1024 558 ΣτοοΑ-Νονιι.
1197 495 1239 561 ιο
1349 476 1354 481 “

323 712 326 717 .
362 653 435 725 Ὅτι
451 657 518 743 μὲν
529 657 591 726 οὐκ
611 653 794 741 ἀπορήσειν
807 661 923 740 ἔμελλε
939 659 1114 740 Στέφανος
1125 655 1239 727 οὑτοσὶ
1250 678 1317 733 1129

286 755 307 825 ὅ
325 782 356 824 τι
376 755 616 843 ἀπολογήσεται
633 756 781 839 περὶτῆς
798 759 995 840 μαρτυρίας,
1017 755 1178 840 παράγων
1193 765 1241 845 τῷ

286 855 387 944 λόγῳ,
401 851 445 934 ὡς
456 851 497 922 ού
508 853 616 922 πάντα
626 851 859 939 μεμαρτύρηκε
869 848 909 918 τὰ
927 854 1022 937 έντῳ
1031 861 1239 942 γραμματείῳ

286 959 508 1039 γεγραμμένα,
519 954 576 1020 καὶ
586 956 757 1032 ἐξαπατῶν
768 948 872 1037 ὑμᾶς,
891 951 947 1020 καὶ
963 948 1065 1029 αὐτὸς
1081 953 1199 1037 σχεδόν
1209 979 1241 1021 τι

287 1049 474 1135 ὑπενόουν,
488 1043 648 1136 ύύίνδρες
659 1054 817 1119 δικασταί.
839 1050 1030 1135 πανοῦργός
1047 1077 1082 1118 τε
1097 1049 1162 1136 γύρ
1174 1054 1241 1119 ἐστι

286 1152 343 1217 καλ
354 1153 388 1216 υί
395 1148 581 1234 γράφοντες
591 1151 646 1216 καὶ
657 1153 691 1217 οί
699 1149 984 1235 συμβουλεύοντες
993 1145 1078 1233 ὑπὲρ
1086 1155 1242 1235 Φορμίω-

286 1262 345 1326 νος
367 1255 496 1315 πολλοί·
525 1246 594 1333 ἅμα
612 1244 636 1314 τ’
658 1245 747 1324 είκύς
763 1250 832 1313 ἐστι
848 1243 928 1323 τούς
951 1249 1180 1332 ἐγχειροῦντας
1200 1245 1240 1314 τὰ

285 1351 395 1432 ψευδή
406 1361 585 1434 μαρτυρεῖν
596 1349 652 1414 καὶ
668 1344 731 1431 τήν
743 1343 926 1431 ἀπολογίαν
943 1341 1073 1424 εὐθέως
1080 1343 1164 1429 ὑπὲρ
1178 1345 1242 1412 αύ-

261 1452 356 1518 2τῶν
367 1453 515 1532 μελετᾶν.
539 1443 591 1512 ὅτι
603 1443 636 1511 δ’
650 1446 687 1512 έν
695 1445 844 1533 τοσούτῳ
851 1444 938 1533 λόγῳ
950 1441 1102 1530 ούδαμού
1114 1445 1241 1531 μάρτυ-

287 1569 348 1627 ρας
369 1547 549 1630 παρέσχετο
565 1538 646 1627 ὑμῖν
668 1537 711 1618 ὡς
730 1538 753 1627 ή
773 1546 992 1632 διατιθεμένῳ
1010 1551 1056 1633 τῷ
1075 1547 1173 1630 πατρί
1193 1551 1239 1634 τῳ

285 1645 354 1732 ε’μῳ
365 1640 564 1727 παρεγένετό
575 1664 642 1707 που
654 1638 756 1718 αὐτὸς
766 1641 890 1727 ταύτην
899 1639 961 1726 τήν
972 1644 1149 1730 διαθήκην,
1164 1643 1238 1714 ὥστ’

284 1743 410 1808 εἰδέναι
421 1745 524 1810 ταῦτα
534 1735 585 1806 ὅτι
595 1735 782 1825 ἀντίγραφά
791 1742 881 1807 ἐστιν
891 1732 967 1810 εύνὸ
979 1742 1085 1827 πατήρ
1094 1769 1160 1829 μου
1172 1749 1240 1812 διέ-

284 1846 378 1920 θετο,
390 1864 411 1923 η
398 1833 583 1921 ”οίνοιχθὲν
596 1835 707 1905 εἴδετο
718 1853 941 1924 γραμματεῖον
957 1867 975 1907 ο
988 1860 1070 1926 φασι
1084 1845 1239 1928 διαθέμε-

256 1962 348 2019 ςνον
359 1939 487 2002 ἐκεῖνον
497 1943 705 2023 καταλιπειν,
723 1961 828 2004 ταυτα
838 1941 1079 2026 συμμεμνησθε
1087 1968 1151 2027 μοι
1179 1939 1240 2009 αλ-

284 2033 327 2104 λα
338 2032 406 2120 μήν
417 2031 515 2115 ὁπότε
526 2034 975 2123 μεμαρτύρηκενύντίγραφα
993 2037 1156 2108 εἶναιτῶν
1167 2044 1241 2108 δια-

284 2141 406 2257 θηκοιν
425 2139 679 2234 τῶνΠασίῳνος
696 2161 737 2202 τα
724 2132 792 2202 ἐν
808 2162 854 2226 τῳ
872 2144 1081 2227 γραμματείῳ
1093 2164 1240 2225 γεγραμ-

286 2238 387 2319 μένα,
417 2230 477 2310 τὰς
501 2233 536 2300 δέ
558 2215 723 2320 διαθήκας
753 2233 803 2321 μή
826 2240 891 2352 ἔχει
917 2239 1073 2315 ἐπιδείξαι
1095 2236 1173 2324 μήθ’
1198 2234 1241 2313 ὡς

287 2329 305 2399 ὃ
324 2329 431 2417 πατήρ
449 2330 614 2400 διέθετο“
597 2341 710 2418 ημῶν,
731 2330 811 2417 μήθ’
831 2330 874 2410 ὡς
891 2331 992 2410 αύτός
1013 2333 1077 2401 εἶδε
1095 2359 1242 2417 παραγε-

287 2432 428 2517 νόμενος
456 2429 571 2509 αὐταῖς
600 2432 835 2515 διατιθεμένου
861 2438 923 2496 τοῦ
947 2428 1087 2516 πατρὸς,
1110 2439 1179 2510 πῶς
1196 2420 1242 2500 ού

288 2553 480 2618 περιῳανως
492 2522 591 2609 οὗτος
601 2533 797 2614 ἐξελέγχεται
807 2553 847 2596 τα
835 2524 963 2614 νευδη
968 2529 1242 2615 μεμαρτυρηκώςς

259 2655 279 2708 4
373 2635 416 2697 Εί
431 2636 546 2696 τοίνυν
563 2627 748 2714 πρόκλησίν
766 2625 970 2713 φησινείναι
986 2627 1099 2695 καὶ
1058 2654 1101 2714 μη
1117 2654 1244 2713 μαρτν-

289 2735 377 2813 ρίαν,
389 2726 451 2796 ούκ
463 2727 574 2815 ἀληθή
585 2731 686 2815 λέγει·
699 2725 831 2795 ἅπαντα
841 2726 905 2811 γὰρ
917 2724 979 2794 ὅσα
990 2729 1188 2812 παρέχονται
1198 2733 1245 2805 είς

288 2826 327 2895 τὸ
342 2829 554 2915 δικαστήριον
564 2828 832 2913 προκαλούμενοι
849 2823 1013 2912 ἀλλήλους
1023 2830 1058 2893 οί
1072 2824 1243 2910 ἀντίδικοι,
1251 2839 1320 2894 1130

290 2925 345 2995 διὰ
361 2935 542 3012 μαρτυρίας
558 2931 762 3014 παρέχονται.
796 2923 838 2994 οὐ
857 2923 922 3012 γὰρ
940 2922 983 2994 ἄν
999 2924 1131 3012 εἰδείηθ’
1152 2922 1245 3010 ὑμεῖς

290 3023 345 3108 εἴτ’
358 3029 447 3092 ἐστιν
457 3023 570 3112 οίληθή
580 3035 645 3094 εἴτε
655 3025 797 3112 ιγευδήᾶ
812 3047 917 3111 φασιν
929 3027 1086 3110 ἑκάτεροι,
1101 3030 1130 3092 εί
1139 3024 1184 3110 μή
1197 3050 1245 3103 τις
1283 3044 1289 3051 ·

288 3127 344 3192 καί
362 3124 441 3203 τούς
456 3123 626 3209 μάρτυρας
643 3127 829 3210 παρέχοιτο.
866 3121 949 3192 ὅταν
970 3126 1006 3190 δὲ
1026 3122 1243 3209 παράσχηται,

288 3223 420 3301 τούτοις
436 3222 648 3302 πιστεύοντες
657 3220 829 3304 ὑποδίκοις
841 3217 917 3293 ούσι
928 3226 1111 3306 ψηφίζεσθε
1127 3223 1244 3290 ἐκτῶν

288 3327 480 3408 λεγομένων
491 3325 545 3391 καὶ
556 3326 842 3411 μαρτυρουμένων
858 3319 934 3391 εἳύν
945 3317 1024 3406 ὑμίν
1040 3322 1121 3406 δοκῇ
1134 3325 1244 3390 δίκαια

258 3451 275 3504 5
289 3419 383 3488 εἶναι.
412 3422 577 3508 βούλομαι
593 3426 781 3493 τοίνυνκαὶ
798 3421 861 3509 τήν
877 3426 1062 3507 μαρτυρίαν
1072 3423 1241 3507 ἐξελέγξαι,

288 3515 341 3587 ὅτι
353 3516 394 3586 ού
406 3519 584 3606 πρόκλησίς
600 3525 686 3608 ἐστι,
707 3523 763 3590 καὶ
774 3518 819 3600 ὥς
835 3525 902 3589 ἐδει
918 3533 1097 3606 μαρτυρεῖν
1108 3518 1241 3602 αὐτούς,

289 3627 383 3702 είπερ
394 3621 541 3703 ἐγίγνετο
552 3618 573 3706 ή
585 3620 776 3709 πρόκλησις,
791 3619 837 3699 ὥς
851 3617 915 3687 ούκ
925 3623 1081 3706 ἐγίγνετο.
1115 3640 1241 3706 μαρτν-
1264 3694 1266 3697 ,

290 3726 389 3804 ρούοι
400 3734 553 3803 παρεῖναι
564 3719 710 3811 πρόςτῷ
728 3724 1002 3811 διαιτητήΤισίῳ,
1020 3719 1074 3788 ὅτε
1092 3713 1243 3801 προύκα-
