3159 4409
320 481 362 547 ιι
524 455 613 544 mn.
638 431 1058 548 ΔΗΜοΣοπαουΣ

319 653 446 733 βωμοῦ,
459 652 489 714 εί
496 642 539 733 μή
552 643 784 731 προσηκόντως
797 642 942 728 εἰσήγετο
952 641 971 710 6
983 659 1059 724 παῖς
1069 643 1192 732 οὑτοσί,
1204 644 1269 715 αό-

320 742 399 824 τοδς
410 742 443 812 δ’
457 742 610 823 άξιοῦντα
621 745 800 825 ἐπιορκεῖν,
823 742 979 827 λαβόντες
989 741 1050 829 τήν
1060 752 1175 832 ψήφου
1185 773 1268 815 καο-

320 848 431 930 μένων
443 851 510 910 τῶν
521 847 659 928 ίερείων,
671 837 736 906 666
748 847 810 907 τοῦ
819 847 935 927 βωμοῦ
946 845 1103 925 φέροντες
1112 851 1174 910 τοῦ
1184 843 1267 924 Διὸς

262 953 267 963 ’
319 950 381 1010 τοῦ
397 947 576 1028 φρατρίου,
592 938 761 1024 ,παρόντος
776 939 910 1005 τουτουί
920 940 1163 1026 Μακαρτάτου,
1186 945 1267 1028 ἐψη-

321 1048 459 1124 φίσαντο
481 1036 520 1106 τά
542 1043 667 1122 δίκαια,
698 1029 726 1104 οἶ
745 1035 864 1120 άνδρες
885 1040 1049 1122 δικασταί,
1077 1037 1191 1121 ὀρθῶς
1211 1045 1267 1109 καὶ

321 1137 554 1223 προσηκόντως
574 1134 633 1203 τὸν
654 1139 754 1202 παῖδα
777 1138 909 1203 τουτονὶ
925 1137 1115 1221 εἰσάγεσθαι
1130 1137 1266 1226 Εὐβου-

279 1253 312 1304 15
322 1241 394 1323 λίδη
411 1236 487 1303 υίὸν
504 1240 549 1312 είς
565 1233 624 1301 τόν
641 1232 733 1301 οἶκον
743 1231 950 1320 τόνἎννίου.
981 1240 1219 1322 ψηφισαμένων
1231 1238 1266 1305 δὲ

319 1342 423 1402 ταῦτα
439 1341 507 1400 των
528 1336 702 1419 φρατέρων
717 1341 785 1400 των
800 1335 934 1401 τουτουὶ
951 1336 1177 1418 Μακαρτάτου
1194 1335 1267 1414 υίὸς

320 1428 369 1500 σίν
378 1430 591 1521 Εὐβουλίδου
605 1428 623 1497 6
639 1447 713 1510 παῖς
724 1429 837 1499 οὑτοσί
848 1437 1110 1516 προσεκαλέσατο
1120 1433 1273 1517 Μακάρ-’

317 1557 416 1600 τατον
436 1539 497 1600 τοῦ
518 1532 643 1618 κλήρου
665 1536 727 1598 τοῦ
742 1525 875 1614 Ἀννίου
897 1538 942 1608 είς
965 1534 1186 1617 διαδικασίαν,
1210 1536 1265 1601 καὶ

317 1636 410 1715 ἔλαχε
427 1629 509 1714 πρὸς
525 1627 585 1696 τόν
602 1627 759 1714 ἄρχοντα,
782 1626 901 1749 κόριον
922 1631 1183 1716 ἐπιγραψάμενος
1204 1629 1265 1699 τὸν

316 1725 465 1813 άδελφδν
484 1726 545 1793 τόυ
563 1729 698 1795 ἑαυτοῦ·
717 1726 843 1813 ἐμοὶ
804 1753 869 1812 ναρ
888 1727 998 1796 οὐκέτι
1014 1726 1135 1798 oldvv’
1153 1723 1262 1816 ήν,ω

317 1825 435 1912 άυδρες
448 1828 595 1893 δικασται
602 1832 733 1914 ,κυρίω
747 1827 1006 1912 ἐπιγεγράφθαι,
1024 1829 1264 1948 εἰσπεποιηκότι

316 1923 376 1992 τὸν
395 1930 538 1993 παῖδαί
508 1951 523 1991 ε
536 1923 623 2002 ςτόν
634 1922 770 1992 οίκον
736 1950 797 1991 του
807 1923 1027 2010 Εὐβουλίδου
1059 1923 1144 2014 καλή
1157 1926 1263 2014 πρόσ-

316 2033 429 2108 κλησις
447 2024 621 2111 ἐγένετο
591 2048 635 2088 τω
622 2023 862 2112 παιδίτούτω
874 2022 954 2091 κατά
966 2021 1026 2091 τὸν
1037 2024 1158 2153 νόμρν,
1180 2025 1262 2094 καθ’

316 2118 419 2208 όνπερ
438 2112 553 2188 καὶ.
509 2146 603 2188 ουτοι
613 2089 948 2204 προσεκαλέσαντο
913 2149 974 2208 την
985 2126 1121 2192 τουτουι·
1128 2128 1261 2210 μητερα,

316 2217 377 2304 τήν
394 2232 606 2304 νενικηκυῖαν
617 2219 780 2304 πρότερον
791 2222 828 2288 εὐ
838 2229 885 2310 τῷ
896 2225 1091 2310 δικαστηρίω
1104 2225 1158 2290 καὶ
1169 2230 1265 2308 ἐχου-
1306 2288 1308 2291 ,

274 2330 307 2384 16
317 2337 380 2384 σαν
390 2344 449 2384 τον
459 2324 583 2405 κληρον
593 2341 653 2385 τον
660 2316 800 2411 Αγνιου
824 2327 882 2387 και
889 2346 945 2406 μοι
954 2319 1170 2408 αναγυωθι
1137 2349 1265 2391 τυννο-

315 2444 395 2504 μον,
418 2413 499 2485 καθ’
519 2415 588 2505 δνη
576 2413 786 2505 πρόσκλησί
784 2445 800 2498 ς
771 2421 880 2487 ίέστι
890 2417 978 2506 παρά
989 2446 1050 2488 του
1038 2419 1237 2506 ἔχοντος
1202 2447 1263 2489 τον

313 2524 473 2602 κλήρου.

696 2623 871 2684 ΝΟΜΟΣ.

366 2711 459 2800 ’[’
458 2711 522 2780 Εόιν
539 2711 569 2780 δ’
588 2718 791 2799 ἐέττιδεδικασμ
791 2744 845 2782 νου
862 2712 1033 2820 άμφισβητή
1049 2744 1100 2781 του
1088 2714 1262 2822 κλήρουή

353 2808 404 2906 τής
419 2797 598 2906 ἐπικλήρου,
616 2798 886 2904 προσκαλείσθω
858 2827 910 2866 τον
921 2780 1177 2884 ἐπιδεδικασμένον
1187 2798 1260 2887 πρὸς

353 2882 405 2950 τὸν
413 2882 556 3028 άρχρντα,
578 2883 713 2986 καθήπερ
725 2886 823 2947 ἐπὶ
782 2911 842 2949 των
853 2881 950 2948 ἄλλων
961 2890 1067 2950 δικῶν·
1088 2910 1259 2988 παρακατα-

338 3051 341 3053 ‚
352 2962 484 3052 βυλάςδ’
499 2963 574 3029 ναι
583 2991 623 3028 τω
611 2963 918 3071 άμφισβητουντιλ
918 2994 956 3031 αν
967 2964 1044 3033 δε
1008 2997 1048 3052 μη
1059 2968 1258 3073 προσκαλεσα
1268 2995 1337 3049 1055

353 3077 438 3133 μενος
455 3030 671 3154 ἐπιδικάσηται,
693 3047 794 3133 άτελής
810 3048 921 3117 ἔσται
905 3080 924 3134 η
942 3053 1108 3117 ἐπιδικασία
1124 3079 1176 3118 του
1163 3052 1257 3137 κλή-

354 3160 416 3218 ρου.
447 3129 499 3197 ἐάν
510 3135 541 3198 δὲ
538 3160 592 3235 μη
580 3128 659 3237 ζή’
648 3159 664 3197 ο
675 3133 916 3240 ἐπιδικασάμενος
927 3160 978 3201 του
964 3135 1115 3297 κλήρου,
1127 3159 1257 3242 προσκα-

353 3223 461 3297 λείσθω
475 3212 549 3281 κατά
566 3213 672 3299 ταύτά,
695 3210 931 3328 ᾧήπροθεσμία
936 3217 1049 3304 μήπωέ
1049 3218 1138 3323 ξήκη
1159 3216 1255 3327 τὴνδ’

353 3291 571 3405 ιἰμφισβήτησιν
582 3299 708 3366 εἶναι
666 3328 707 3390 τιμ
720 3305 828 3384 ἔχοντι,
851 3302 959 3368 καθότι
970 3285 1207 3370 ἐπεδικάσατο
1171 3331 1206 3370 συ
1218 3301 1257 3369 66

333 3380 443 3472 ,66
413 3384 608 3469 ναίοιτε-1

269 3519 301 3574 17
397 3496 510 3564 Του
476 3496 653 3583 μεννόμου
664 3495 837 3584 άκηκόατε,
850 3498 1035 3585 δέομαιδ”
1018 3498 1255 3587 υμώνδικαίαν

309 3596 437 3681 δέησιν,
450 3587 478 3661 ὦ
489 3593 607 3681 ἄνδρες
618 3600 774 3665 δικασταί.
796 3594 855 3663 ἐάν
866 3596 930 3682 γάρ
942 3602 1089 3678 ἐπιδείξω
1101 3599 1255 3685 Θεοπόμ-

306 3717 373 3760 που
389 3700 450 3762 τοῦ
468 3691 589 3781 πατρὸς
605 3702 665 3762 τοῦ
681 3696 908 3780 Μακαρτάτου
923 3699 1011 3783 γένει
1030 3696 1128 3779 ὄντας
1138 3695 1255 3790 Ἀγυίμ
