3159 4409
312 506 374 571 180
416 528 418 534 ·
540 507 595 565 Lll.
627 500 1044 564 ΔΗΜΟΣΘΕΝΟῬΣ

309 693 362 735 τιν
366 663 579 786 ’ἐτόλμησαν
595 669 714 748 εἰπεῖν,
738 658 822 740 οἱς’
804 659 976 746 αγαπητόν
991 652 1036 747 ἦν
1046 657 1091 748 μὴ
1103 658 1268 790 πάσχουσι

309 772 418 844 κακῶς
432 763 553 844 αὐτοῖς.

268 889 301 940 21
397 872 466 933 Του
476 872 593 934 τοίνυν
604 887 745 939 τουτους
755 857 890 937 αδίκους
902 857 986 926 εἶναι
996 859 1051 925 καὶ
1060 866 1198 942 θρασεῖς
1206 881 1268 922 ου-

310 967 401 1042 δένες
412 960 508 1049 ὑμῶν
519 969 603 1031 εἰσιν
615 959 815 1045 αἰτιώτερον
833 954 922 1039 παρά
934 956 999 1042 γάρ
1009 963 1078 1024 τάν
1087 954 1266 1041 λεγόντων,

310 1059 369 1140 οῦς
387 1071 455 1130 λστε
473 1063 526 1129 ἐπὶ
545 1067 658 1148 μισθῷ
682 1065 780 1126 τοῦτο
803 1057 1023 1143 πράττοντας,
1045 1053 1268 1122 πυνθάνεσθε

310 1159 408 1228 ποῖόν
423 1156 489 1226 τιν’
507 1159 650 1226 ἕκαστον
667 1161 720 1224 δεῖ
734 1161 895 1242 νομιζειν,
922 1153 984 1223 οὐκ
994 1153 1090 1222 αὐτοὶ
1099 1165 1265 1238 θεωρεῖτε.

310 1264 416 1326 καίτοι
426 1263 497 1335 πῶς
513 1254 575 1324 οῦκ
587 1255 714 1324 άτοπον
723 1255 863 1332 τούτους
873 1253 936 1338 μέν
946 1252 1068 1332 αὐτοῦς
1078 1250 1268 1338 πονηροτά-

200 1447 201 1450 Ὶ
311 1382 390 1434 τους
399 1381 468 1423 των
477 1363 623 1423 πολιτων
634 1359 796 1440 νομίζειν,
819 1351 975 1431 τοῦςδΗ
955 1377 1021 1419 υπο
1033 1377 1163 1418 τουτων
1173 1377 1267 1418 επαι

268 1456 495 1540 φφνουμένους
510 1451 673 1540 χρηστοῦς
690 1451 863 1540 ἡγεῖσθαις
884 1456 938 1520 καὶ
953 1453 1018 1538 γάρ
1036 1478 1086 1519 τοι
1100 1450 1210 1518 πάντα
1221 1448 1266 1517 δι’

311 1550 423 1620 αὐτῶν
434 1560 617 1638 ποιοῦνται,
631 1552 741 1620 καὶ
697 1578 805 1637 μονον
815 1550 876 1636 οὐχ
886 1549 952 1620 ὑπὸ
964 1552 1109 1638 κήρυκος
1117 1556 1268 1617 πωλοῦσι

310 1649 351 1718 τά
370 1645 482 1733 κοινά,
504 1651 560 1717 καὶ
577 1657 785 1736 στεφανοῦν,
809 1676 849 1718 ον
859 1677 904 1718 αν
913 1647 1024 1728 αυτοῖς
1035 1654 1135 1736 δοκη,
1156 1645 1266 1734 καὶμὴ

312 1754 503 1832 στεφανοῦν
519 1747 710 1834 κελεύουσι,
734 1751 957 1834 κυριωτέρους
973 1745 1095 1828 αῦτοῦς
1105 1755 1174 1814 τῶν
1184 1745 1268 1832 ’ῦμε-

310 1853 415 1931 τέρων
426 1845 602 1931 δογμάτων
613 1847 841 1925 καθιστάντες.
873 1845 937 1931 ἐγώ
951 1850 971 1912 δ
976 1843 1091 1931 ’ῦμῑν,
1111 1837 1269 1929 άάνδρες

306 1945 489 2031 Ἀθηναῖοι,
501 1954 654 2029 παραινῦ
665 1944 711 2032 μὴ
722 1960 827 2013 ποιεῖν
838 1943 978 2031 τὴντῶν
989 1942 1178 2012 ἀναλίσκειν
1189 1947 1268 2011 ἐθε-

311 2042 439 2111 λόντων
449 2049 640 2129 φιλοτιμίαν
651 2046 704 2112 ἐπὶ
713 2052 753 2132 τῇ
766 2052 835 2112 τῦν
845 2043 1012 2128 λεγόντων
1023 2046 1202 2129 πλεονεξίᾳ.
1238 2047 1269 2108 εδ

311 2141 347 2208 δὲ
358 2139 418 2226 μὴ,
430 2140 575 2220 διδάξετε
587 2142 714 2221 πάντας
723 2141 764 2210 τά
776 2143 838 2228 μὲν
850 2140 906 2228 ὑφ’
917 2139 1014 2229 ὑμῶν
1024 2141 1268 2229 προσταττόμε-

311 2265 354 2310 να
366 2234 410 2316 ὡς
420 2237 634 2307 εὐτελέστατα
645 2246 790 2328 διοικεῖν,
803 2240 881 2320 τοῦς
893 2240 923 2309 δ’
937 2238 1021 2325 ῦπὲρ
1032 2239 1163 2308 τούτων
1171 2237 1269 2306 άυαι-

312 2340 377 2417 δῦς
389 2343 435 2417 εἰς
446 2335 532 2424 ὑμᾶς
544 2345 772 2426 ψευσομένους
783 2337 827 2420 ὡς
840 2346 994 2408 πλείστου
1005 2346 1226 2426 μισθοῦσθαι.

719 2597 723 2603 ’
770 2617 821 2671 ιιι.

532 2760 682 2830 ΠΡΟΣ
704 2761 1051 2861 ΚΑΛΛιΠΠοΝ.
1159 2750 1164 2754 ’

643 2923 939 2982 ΥΠΟΘΕΣΙΣ.

313 3026 444 3109 Λάκων
454 3068 506 3124 τις,
518 3039 551 3108 τὸ
560 3047 644 3128 γένος
650 3044 863 3136 Ἡρακλεωτης,
874 3074 910 3136 τη
896 3051 1077 3121 Πασίωνος
1088 3047 1190 3128 ἐχρῆτο
1202 3071 1271 3128 τρα-

313 3142 391 3241 πέζῃ.
426 3159 510 3209 ουτος
526 3137 664 3241 μέλλωνέ
664 3142 805 3202 κπλεῐν’
777 3163 818 3214 εις
827 3136 950 3222 Λιβύην
960 3139 1113 3201 κατέλιπεν
1124 3160 1270 3240 αργυριον
1279 3154 1324 3209 123

313 3245 393 3304 παρα
381 3216 597 3300 Πασίωνι,’
578 3247 617 3296 ως
627 3224 682 3304 μὲν
691 3226 816 3296 Πασίαν
826 3230 884 3300 ξῦν
895 3225 973 3304 ἔλεγε
989 3223 1041 3284 καὶ
1051 3217 1270 3324 Ἀπολλόδωρος

314 3306 442 3404 λέγει
404 3329 476 3383 νυν,
498 3301 695 3386 ἐντειλάμενος
706 3303 872 3371 άποδοῦναι
883 3299 1111 3409 Κηφισιάδῃ,
1093 3330 1131 3379 ως
1143 3305 1176 3368 δὲ
1186 3304 1266 3366 Κάλ

314 3382 419 3459 λιππός
414 3406 538 3487 φησιν,
562 3391 656 3476 ἑαυτῷ
665 3387 858 3493 χαρισάμενος
869 3393 947 3493 φίλφ
957 3414 988 3453 τε
999 3415 1062 3454 οντι
1073 3414 1124 3450 και
1115 3387 1268 3490 προξένφ

313 3477 371 3536 τάν
380 3465 500 3533 πάντων
503 3455 723 3570 Ἡρακλεωτῶν.
752 3469 959 3547 άποθανάντος
970 3474 1002 3536 δὲ
1012 3498 1065 3536 του
1052 3469 1222 3546 Λάκωνος
1234 3464 1267 3534 τῦ

214 3597 215 3610 ι
308 3549 455 3654 άργάριον
475 3549 610 3638 άπεδόθη
630 3555 812 3662 Κηφισιάδῃ.
850 3553 1021 3631 Κάλλιππος
1042 3553 1137 3634 δὲ,”
1113 3582 1152 3631 ως
1174 3572 1267 3656 φησιν

308 3632 533 3741 Ἀπολλόδωρος,
542 3636 640 3725 ἐπειδὴ
652 3644 807 3706 πείθειν
777 3643 917 3705 τονΠασί
917 3666 979 3704 ωνά
990 3635 1045 3704 οῦκ
1062 3637 1186 3703 ἕδάνατο
1197 3630 1266 3718 μεθ’

311 3723 415 3787 ἑαυτοῦ
431 3718 589 3807 γενόμενον
606 3729 822 3790 συνεπιθέσθαι
839 3750 879 3811 τφ
866 3727 986 3813 ξένῳ,
1010 3717 1057 3787 ἐπ’
1080 3717 1171 3786 αὐτὸν
1188 3719 1266 3805 ἦλθε
