<?xml version="1.0" encoding="UTF-8"?>
<!DOCTYPE html PUBLIC "-//W3C//DTD XHTML 1.0 Transitional//EN"
    "http://www.w3.org/TR/xhtml1/DTD/xhtml1-transitional.dtd">
<html xmlns="http://www.w3.org/1999/xhtml" xml:lang="en" lang="en">
 <head>
  <title>
</title>
<meta http-equiv="Content-Type" content="text/html;charset=utf-8" />
  <meta name='ocr-system' content='tesseract 3.04.00' />
  <meta name='ocr-capabilities' content='ocr_page ocr_carea ocr_par ocr_line ocrx_word'/>
</head>
<body>
  <div class='ocr_page' id='page_1' title='image "./orationesexrece02demogoog_0142.png"; bbox 0 0 3159 4409; ppageno 0'>
   <div class='ocr_carea' id='block_1_1' title="bbox 298 479 1039 559">
    <p class='ocr_par' dir='ltr' id='par_1_1' title="bbox 298 479 1039 559">
     <span class='ocr_line' id='line_1_1' title="bbox 298 479 1039 559; baseline -0.007 -13"><span class='ocrx_word' id='word_1_1' title='bbox 298 479 359 546; x_wconf 74' lang='lat'><strong><em>138</em></strong></span> <span class='ocrx_word' id='word_1_2' title='bbox 488 485 579 543; x_wconf 74' lang='grc' dir='ltr'><strong><em>μω.</em></strong></span> <span class='ocrx_word' id='word_1_3' title='bbox 602 480 1039 559; x_wconf 66' lang='grc' dir='ltr'><strong><em>[Δαωοωοεωονη</em></strong></span> 
     </span>
    </p>
   </div>
   <div class='ocr_carea' id='block_1_2' title="bbox 201 640 1320 3783">
    <p class='ocr_par' dir='ltr' id='par_1_2' title="bbox 201 640 1320 2500">
     <span class='ocr_line' id='line_1_2' title="bbox 294 640 1251 730; baseline -0.001 -19"><span class='ocrx_word' id='word_1_4' title='bbox 294 652 375 722; x_wconf 85' lang='grc' dir='ltr'><strong><em>θεος</em></strong></span> <span class='ocrx_word' id='word_1_5' title='bbox 388 642 460 711; x_wconf 84' lang='grc' dir='ltr'><strong><em>τότε</em></strong></span> <span class='ocrx_word' id='word_1_6' title='bbox 478 646 510 723; x_wconf 80' lang='grc' dir='ltr'><strong><em>ἐξ</em></strong></span> <span class='ocrx_word' id='word_1_7' title='bbox 527 646 663 711; x_wconf 80' lang='grc' dir='ltr'><strong><em>ἐκείνων</em></strong></span> <span class='ocrx_word' id='word_1_8' title='bbox 680 649 748 710; x_wconf 74' lang='grc' dir='ltr'><strong><em>τοῖν</em></strong></span> <span class='ocrx_word' id='word_1_9' title='bbox 766 641 937 710; x_wconf 79' lang='grc' dir='ltr'><em>κινδύνων</em></span> <span class='ocrx_word' id='word_1_10' title='bbox 953 645 1008 713; x_wconf 79' lang='grc' dir='ltr'><strong><em>καὶ</em></strong></span> <span class='ocrx_word' id='word_1_11' title='bbox 1025 640 1178 730; x_wconf 87' lang='grc' dir='ltr'><strong><em>άφίκοιτο</em></strong></span> <span class='ocrx_word' id='word_1_12' title='bbox 1196 649 1251 710; x_wconf 82' lang='grc' dir='ltr'><strong><em>οῖ-</em></strong></span> 
     </span>
     <span class='ocr_line' id='line_1_3' title="bbox 296 737 1249 827; baseline -0.002 -19"><span class='ocrx_word' id='word_1_13' title='bbox 296 745 376 808; x_wconf 91' lang='grc' dir='ltr'><strong><em>καδε</em></strong></span> <span class='ocrx_word' id='word_1_14' title='bbox 388 738 476 825; x_wconf 80' lang='grc' dir='ltr'><strong><em>παρὰ</em></strong></span> <span class='ocrx_word' id='word_1_15' title='bbox 487 743 663 827; x_wconf 82' lang='grc' dir='ltr'><strong><em>βασιλέως,</em></strong></span> <span class='ocrx_word' id='word_1_16' title='bbox 682 737 914 824; x_wconf 76' lang='grc' dir='ltr'><strong><em>εὐπορωτέρου</em></strong></span> <span class='ocrx_word' id='word_1_17' title='bbox 928 745 1112 827; x_wconf 79' lang='grc' dir='ltr'><em>γενομένου</em></span> <span class='ocrx_word' id='word_1_18' title='bbox 1124 738 1249 807; x_wconf 85' lang='grc' dir='ltr'><strong><em>τοάτον</em></strong></span> 
     </span>
     <span class='ocr_line' id='line_1_4' title="bbox 201 823 1248 925; baseline -0.002 -19"><span class='ocrx_word' id='word_1_19' title='bbox 201 823 209 834; x_wconf 55' lang='grc'><strong>’</strong></span> <span class='ocrx_word' id='word_1_20' title='bbox 295 835 317 925; x_wconf 77' lang='grc' dir='ltr'><em>ἢ</em></span> <span class='ocrx_word' id='word_1_21' title='bbox 335 836 379 916; x_wconf 76' lang='grc' dir='ltr'><strong><em>ὡς</em></strong></span> <span class='ocrx_word' id='word_1_22' title='bbox 395 839 470 906; x_wconf 84' lang='grc' dir='ltr'><strong><em>τότε</em></strong></span> <span class='ocrx_word' id='word_1_23' title='bbox 488 841 643 921; x_wconf 86' lang='grc' dir='ltr'><strong><em>διέκειτο,</em></strong></span> <span class='ocrx_word' id='word_1_24' title='bbox 666 834 708 904; x_wconf 85' lang='grc' dir='ltr'><strong><em>οά</em></strong></span> <span class='ocrx_word' id='word_1_25' title='bbox 725 837 832 923; x_wconf 81' lang='grc' dir='ltr'><strong><em>μόνον</em></strong></span> <span class='ocrx_word' id='word_1_26' title='bbox 850 836 890 904; x_wconf 83' lang='grc' dir='ltr'><strong><em>τά</em></strong></span> <span class='ocrx_word' id='word_1_27' title='bbox 907 839 1028 906; x_wconf 80' lang='grc' dir='ltr'><strong><em>ἑαυτοῦ</em></strong></span> <span class='ocrx_word' id='word_1_28' title='bbox 1045 825 1248 924; x_wconf 72' lang='grc' dir='ltr'><strong><em>κομιεῖσθαι,</em></strong></span> 
     </span>
     <span class='ocr_line' id='line_1_5' title="bbox 296 933 1250 1025; baseline -0.002 -21"><span class='ocrx_word' id='word_1_29' title='bbox 296 935 380 1005; x_wconf 81' lang='grc' dir='ltr'><strong><em>ἀλλά</em></strong></span> <span class='ocrx_word' id='word_1_30' title='bbox 402 939 458 1005; x_wconf 79' lang='grc' dir='ltr'><strong><em>καλ</em></strong></span> <span class='ocrx_word' id='word_1_31' title='bbox 473 936 579 1005; x_wconf 89' lang='grc' dir='ltr'><strong><em>άλλου</em></strong></span> <span class='ocrx_word' id='word_1_32' title='bbox 593 946 626 1005; x_wconf 85' lang='grc' dir='ltr'><strong><em>εῖ</em></strong></span> <span class='ocrx_word' id='word_1_33' title='bbox 638 961 699 1003; x_wconf 92' lang='grc' dir='ltr'><strong><em>του</em></strong></span> <span class='ocrx_word' id='word_1_34' title='bbox 717 939 823 1003; x_wconf 84' lang='grc' dir='ltr'><strong><em>δέοιτο</em></strong></span> <span class='ocrx_word' id='word_1_35' title='bbox 841 933 925 1018; x_wconf 79' lang='grc' dir='ltr'><strong><em>πρὸς</em></strong></span> <span class='ocrx_word' id='word_1_36' title='bbox 938 937 1108 1023; x_wconf 90' lang='grc' dir='ltr'><strong><em>Τιμόθεον</em></strong></span> <span class='ocrx_word' id='word_1_37' title='bbox 1125 939 1250 1025; x_wconf 80' lang='grc' dir='ltr'><strong><em>πρᾶξαι</em></strong></span> 
     </span>
     <span class='ocr_line' id='line_1_6' title="bbox 271 1030 1250 1125; baseline -0.007 -19"><span class='ocrx_word' id='word_1_38' title='bbox 271 1033 456 1121; x_wconf 81' lang='grc' dir='ltr'><strong><em>4ὑπάρξειν</em></strong></span> <span class='ocrx_word' id='word_1_39' title='bbox 468 1033 566 1124; x_wconf 75' lang='grc' dir='ltr'><strong><em>αὐτῷ.</em></strong></span> <span class='ocrx_word' id='word_1_40' title='bbox 601 1032 711 1119; x_wconf 73' lang='grc' dir='ltr'><strong><em>ἐπειδὴ</em></strong></span> <span class='ocrx_word' id='word_1_41' title='bbox 731 1031 761 1100; x_wconf 93' lang='grc' dir='ltr'><strong><em>δ’</em></strong></span> <span class='ocrx_word' id='word_1_42' title='bbox 775 1031 837 1119; x_wconf 80' lang='grc' dir='ltr'><strong><em>οὐχ</em></strong></span> <span class='ocrx_word' id='word_1_43' title='bbox 855 1030 899 1113; x_wconf 79' lang='grc' dir='ltr'><strong><em>ὡς</em></strong></span> <span class='ocrx_word' id='word_1_44' title='bbox 916 1037 1041 1113; x_wconf 78' lang='grc' dir='ltr'><strong><em>ἐκεῖνος</em></strong></span> <span class='ocrx_word' id='word_1_45' title='bbox 1054 1031 1149 1125; x_wconf 81' lang='grc' dir='ltr'><strong><em>φ’ήθη</em></strong></span> <span class='ocrx_word' id='word_1_46' title='bbox 1162 1054 1250 1120; x_wconf 90' lang='grc' dir='ltr'><strong><em>συμ-</em></strong></span> 
     </span>
     <span class='ocr_line' id='line_1_7' title="bbox 295 1129 1251 1222; baseline -0.005 -18"><span class='ocrx_word' id='word_1_47' title='bbox 295 1138 453 1222; x_wconf 79' lang='grc' dir='ltr'><em>βέβηκεν,</em></span> <span class='ocrx_word' id='word_1_48' title='bbox 473 1131 542 1200; x_wconf 84' lang='grc' dir='ltr'><strong><em>άλλ’</em></strong></span> <span class='ocrx_word' id='word_1_49' title='bbox 555 1130 577 1199; x_wconf 74' lang='grc' dir='ltr'><strong><em>δι’</em></strong></span> <span class='ocrx_word' id='word_1_50' title='bbox 592 1135 672 1219; x_wconf 84' lang='grc' dir='ltr'><strong><em>μετά</em></strong></span> <span class='ocrx_word' id='word_1_51' title='bbox 683 1133 816 1220; x_wconf 87' lang='grc' dir='ltr'><strong><em>χάριτος</em></strong></span> <span class='ocrx_word' id='word_1_52' title='bbox 827 1138 924 1221; x_wconf 80' lang='grc' dir='ltr'><strong><em>ἔλαβε</em></strong></span> <span class='ocrx_word' id='word_1_53' title='bbox 937 1134 1101 1219; x_wconf 86' lang='grc' dir='ltr'><strong><em>Τιμόθεος</em></strong></span> <span class='ocrx_word' id='word_1_54' title='bbox 1112 1129 1178 1200; x_wconf 85' lang='grc' dir='ltr'><strong><em>άπδ</em></strong></span> <span class='ocrx_word' id='word_1_55' title='bbox 1191 1139 1251 1218; x_wconf 76' lang='grc' dir='ltr'><strong><em>τῆς</em></strong></span> 
     </span>
     <span class='ocr_line' id='line_1_8' title="bbox 295 1226 1252 1319; baseline -0.004 -19"><span class='ocrx_word' id='word_1_56' title='bbox 295 1237 454 1319; x_wconf 79' lang='grc' dir='ltr'><strong><em>τραπέζης</em></strong></span> <span class='ocrx_word' id='word_1_57' title='bbox 471 1234 602 1318; x_wconf 79' lang='grc' dir='ltr'><strong><em>δεηθείς</em></strong></span> <span class='ocrx_word' id='word_1_58' title='bbox 619 1239 680 1299; x_wconf 85' lang='grc' dir='ltr'><strong><em>τοῦ</em></strong></span> <span class='ocrx_word' id='word_1_59' title='bbox 692 1229 817 1317; x_wconf 83' lang='grc' dir='ltr'><strong><em>πατρὸς</em></strong></span> <span class='ocrx_word' id='word_1_60' title='bbox 832 1239 896 1298; x_wconf 78' lang='grc' dir='ltr'><strong><em>τοῦ</em></strong></span> <span class='ocrx_word' id='word_1_61' title='bbox 912 1234 1015 1318; x_wconf 83' lang='grc' dir='ltr'><strong><em>ἐμοῦ,</em></strong></span> <span class='ocrx_word' id='word_1_62' title='bbox 1026 1237 1131 1299; x_wconf 84' lang='grc' dir='ltr'><strong><em>ταῦτα</em></strong></span> <span class='ocrx_word' id='word_1_63' title='bbox 1142 1226 1180 1297; x_wconf 88' lang='grc' dir='ltr'><strong><em>δι’</em></strong></span> <span class='ocrx_word' id='word_1_64' title='bbox 1196 1235 1252 1316; x_wconf 81' lang='grc' dir='ltr'><strong><em>ἔχ-</em></strong></span> 
     </span>
     <span class='ocr_line' id='line_1_9' title="bbox 296 1325 1319 1417; baseline -0.004 -18"><span class='ocrx_word' id='word_1_65' title='bbox 296 1341 383 1417; x_wconf 88' lang='grc' dir='ltr'><strong><em>θρας</em></strong></span> <span class='ocrx_word' id='word_1_66' title='bbox 394 1333 448 1399; x_wconf 80' lang='grc' dir='ltr'><strong><em>καὶ</em></strong></span> <span class='ocrx_word' id='word_1_67' title='bbox 461 1335 552 1415; x_wconf 88' lang='grc' dir='ltr'><strong><em>δίκης</em></strong></span> <span class='ocrx_word' id='word_1_68' title='bbox 563 1328 966 1415; x_wconf 82' lang='grc' dir='ltr'><strong><em>τετελευτηκότοςέκείνου</em></strong></span> <span class='ocrx_word' id='word_1_69' title='bbox 976 1325 1251 1415; x_wconf 79' lang='grc' dir='ltr'><strong><em>ἐξελεγχθεὶςμὲν</em></strong></span> <span class='ocrx_word' id='word_1_70' title='bbox 1316 1404 1319 1412; x_wconf 51' lang='grc'><strong><em>,</em></strong></span> 
     </span>
     <span class='ocr_line' id='line_1_10' title="bbox 297 1422 1305 1520; baseline -0.008 -21"><span class='ocrx_word' id='word_1_71' title='bbox 297 1428 341 1510; x_wconf 76' lang='grc' dir='ltr'><strong><em>ὡς</em></strong></span> <span class='ocrx_word' id='word_1_72' title='bbox 351 1427 476 1516; x_wconf 84' lang='grc' dir='ltr'><strong><em>ὀφείλει</em></strong></span> <span class='ocrx_word' id='word_1_73' title='bbox 488 1438 590 1520; x_wconf 86' lang='grc' dir='ltr'><strong><em>οίεται</em></strong></span> <span class='ocrx_word' id='word_1_74' title='bbox 603 1433 672 1496; x_wconf 88' lang='grc' dir='ltr'><strong><em>δεῖν</em></strong></span> <span class='ocrx_word' id='word_1_75' title='bbox 683 1426 880 1514; x_wconf 80' lang='grc' dir='ltr'><strong><em>άποδοῦναι,</em></strong></span> <span class='ocrx_word' id='word_1_76' title='bbox 893 1425 953 1505; x_wconf 78' lang='grc' dir='ltr'><strong><em>έάν</em></strong></span> <span class='ocrx_word' id='word_1_77' title='bbox 964 1431 1000 1495; x_wconf 82' lang='grc' dir='ltr'><strong><em>δὲ</em></strong></span> <span class='ocrx_word' id='word_1_78' title='bbox 1012 1427 1152 1512; x_wconf 82' lang='grc' dir='ltr'><strong><em>δύνηται</em></strong></span> <span class='ocrx_word' id='word_1_79' title='bbox 1163 1422 1252 1512; x_wconf 78' lang='grc' dir='ltr'><strong><em>ὑμᾶς</em></strong></span> <span class='ocrx_word' id='word_1_80' title='bbox 1302 1470 1305 1478; x_wconf 92' lang='grc'>-</span> 
     </span>
     <span class='ocr_line' id='line_1_11' title="bbox 295 1522 1320 1615; baseline -0.007 -18"><span class='ocrx_word' id='word_1_81' title='bbox 295 1545 404 1599; x_wconf 85' lang='grc' dir='ltr'><strong><em>πεῖσαι</em></strong></span> <span class='ocrx_word' id='word_1_82' title='bbox 416 1527 461 1609; x_wconf 71' lang='grc' dir='ltr'><strong><em>οἱς</em></strong></span> <span class='ocrx_word' id='word_1_83' title='bbox 472 1526 534 1598; x_wconf 79' lang='grc' dir='ltr'><strong><em>οὐκ</em></strong></span> <span class='ocrx_word' id='word_1_84' title='bbox 545 1525 686 1613; x_wconf 81' lang='grc' dir='ltr'><strong><em>ὀφείλει,</em></strong></span> <span class='ocrx_word' id='word_1_85' title='bbox 699 1525 902 1612; x_wconf 80' lang='grc' dir='ltr'><strong><em>ἐξαπατήσας</em></strong></span> <span class='ocrx_word' id='word_1_86' title='bbox 918 1533 966 1615; x_wconf 78' lang='grc' dir='ltr'><strong><em>τῷ</em></strong></span> <span class='ocrx_word' id='word_1_87' title='bbox 983 1524 1087 1615; x_wconf 78' lang='grc' dir='ltr'><strong><em>λόγῳ,</em></strong></span> <span class='ocrx_word' id='word_1_88' title='bbox 1106 1522 1320 1608; x_wconf 60' lang='lat' dir='ltr'><strong><em>&amp;noane-118⁶</em></strong></span> 
     </span>
     <span class='ocr_line' id='line_1_12' title="bbox 213 1621 1251 1716; baseline -0.007 -19"><span class='ocrx_word' id='word_1_89' title='bbox 213 1672 219 1682; x_wconf 92' lang='lat'><em>·</em></span> <span class='ocrx_word' id='word_1_90' title='bbox 296 1627 569 1716; x_wconf 77' lang='grc' dir='ltr'><strong><em>ρῆσαιὴμάςτων</em></strong></span> <span class='ocrx_word' id='word_1_91' title='bbox 579 1627 772 1714; x_wconf 87' lang='grc' dir='ltr'><strong><em>χρημάτων,</em></strong></span> <span class='ocrx_word' id='word_1_92' title='bbox 792 1623 976 1711; x_wconf 81' lang='grc' dir='ltr'><strong><em>άναχιιαῖόν</em></strong></span> <span class='ocrx_word' id='word_1_93' title='bbox 989 1651 1046 1711; x_wconf 88' lang='grc' dir='ltr'><strong><em>μοι</em></strong></span> <span class='ocrx_word' id='word_1_94' title='bbox 1062 1628 1155 1692; x_wconf 86' lang='grc' dir='ltr'><strong><em>δοκεῖ</em></strong></span> <span class='ocrx_word' id='word_1_95' title='bbox 1165 1621 1251 1691; x_wconf 73' lang='grc' dir='ltr'><strong><em>εἶναι</em></strong></span> 
     </span>
     <span class='ocr_line' id='line_1_13' title="bbox 295 1720 1248 1812; baseline -0.005 -19"><span class='ocrx_word' id='word_1_96' title='bbox 295 1731 328 1807; x_wconf 77' lang='grc' dir='ltr'><strong><em>ἐξ</em></strong></span> <span class='ocrx_word' id='word_1_97' title='bbox 340 1724 441 1812; x_wconf 81' lang='grc' dir='ltr'><strong><em>άρχῆς</em></strong></span> <span class='ocrx_word' id='word_1_98' title='bbox 453 1725 582 1794; x_wconf 84' lang='grc' dir='ltr'><strong><em>άπαντα</em></strong></span> <span class='ocrx_word' id='word_1_99' title='bbox 595 1724 819 1812; x_wconf 79' lang='grc' dir='ltr'><strong><em>διηγήσασθαι</em></strong></span> <span class='ocrx_word' id='word_1_100' title='bbox 829 1721 925 1811; x_wconf 81' lang='grc' dir='ltr'><strong><em>ὑμῖν,</em></strong></span> <span class='ocrx_word' id='word_1_101' title='bbox 937 1725 978 1791; x_wconf 93' lang='grc' dir='ltr'><strong><em>τά</em></strong></span> <span class='ocrx_word' id='word_1_102' title='bbox 988 1750 1023 1791; x_wconf 93' lang='grc' dir='ltr'><strong><em>τε</em></strong></span> <span class='ocrx_word' id='word_1_103' title='bbox 1033 1720 1248 1808; x_wconf 81' lang='grc' dir='ltr'><strong><em>ὀφειλόμενα,</em></strong></span> 
     </span>
     <span class='ocr_line' id='line_1_14' title="bbox 296 1817 1250 1908; baseline -0.005 -16"><span class='ocrx_word' id='word_1_104' title='bbox 296 1826 351 1892; x_wconf 86' lang='grc' dir='ltr'><strong><em>καὶ</em></strong></span> <span class='ocrx_word' id='word_1_105' title='bbox 372 1829 418 1903; x_wconf 87' lang='grc' dir='ltr'><strong><em>είς</em></strong></span> <span class='ocrx_word' id='word_1_106' title='bbox 440 1822 459 1891; x_wconf 82' lang='grc' dir='ltr'>ὅ</span> <span class='ocrx_word' id='word_1_107' title='bbox 479 1850 512 1891; x_wconf 91' lang='grc' dir='ltr'><strong><em>τι</em></strong></span> <span class='ocrx_word' id='word_1_108' title='bbox 532 1825 674 1891; x_wconf 77' lang='grc' dir='ltr'><strong><em>ἕκαστον</em></strong></span> <span class='ocrx_word' id='word_1_109' title='bbox 695 1821 808 1889; x_wconf 77' lang='grc' dir='ltr'><strong><em>αὐτῶν</em></strong></span> <span class='ocrx_word' id='word_1_110' title='bbox 828 1822 1069 1908; x_wconf 83' lang='grc' dir='ltr'><strong><em>κατεχρήσατο,</em></strong></span> <span class='ocrx_word' id='word_1_111' title='bbox 1091 1821 1147 1889; x_wconf 83' lang='grc' dir='ltr'><strong><em>καὶ</em></strong></span> <span class='ocrx_word' id='word_1_112' title='bbox 1169 1817 1250 1899; x_wconf 75' lang='grc' dir='ltr'><strong><em>τοὺς</em></strong></span> 
     </span>
     <span class='ocr_line' id='line_1_15' title="bbox 295 1915 1276 2008; baseline 0.001 -19"><span class='ocrx_word' id='word_1_113' title='bbox 295 1922 438 2008; x_wconf 86' lang='grc' dir='ltr'><strong><em>χρόνους</em></strong></span> <span class='ocrx_word' id='word_1_114' title='bbox 454 1927 491 1990; x_wconf 78' lang='grc' dir='ltr'><strong><em>ἐν</em></strong></span> <span class='ocrx_word' id='word_1_115' title='bbox 508 1915 557 2000; x_wconf 78' lang='grc' dir='ltr'><strong><em>οἷς</em></strong></span> <span class='ocrx_word' id='word_1_116' title='bbox 573 1918 610 1989; x_wconf 87' lang='grc' dir='ltr'><strong><em>τδ</em></strong></span> <span class='ocrx_word' id='word_1_117' title='bbox 632 1921 838 2007; x_wconf 82' lang='grc' dir='ltr'><strong><em>συμβόλαιον</em></strong></span> <span class='ocrx_word' id='word_1_118' title='bbox 856 1922 995 2006; x_wconf 82' lang='grc' dir='ltr'><strong><em>ἐγένετο.</em></strong></span> <span class='ocrx_word' id='word_1_119' title='bbox 1034 1917 1196 2008; x_wconf 76' lang='grc' dir='ltr'><strong><em>θαυμάσῃ</em></strong></span> <span class='ocrx_word' id='word_1_120' title='bbox 1214 1918 1251 1987; x_wconf 72' lang='grc' dir='ltr'><strong><em>δὲ</em></strong></span> <span class='ocrx_word' id='word_1_121' title='bbox 1272 1974 1276 1990; x_wconf 96' lang='grc'>.</span> 
     </span>
     <span class='ocr_line' id='line_1_16' title="bbox 269 2015 1250 2106; baseline -0.006 -16"><span class='ocrx_word' id='word_1_122' title='bbox 269 2022 407 2106; x_wconf 72' lang='grc' dir='ltr'><strong><em>ὁμηδελς</em></strong></span> <span class='ocrx_word' id='word_1_123' title='bbox 422 2015 518 2105; x_wconf 77' lang='grc' dir='ltr'><strong><em>ὑμῶν</em></strong></span> <span class='ocrx_word' id='word_1_124' title='bbox 535 2025 565 2087; x_wconf 87' lang='grc' dir='ltr'><strong><em>εί</em></strong></span> <span class='ocrx_word' id='word_1_125' title='bbox 581 2017 734 2105; x_wconf 60' lang='grc' dir='ltr'><strong><em>άκριβοίς,</em></strong></span> <span class='ocrx_word' id='word_1_126' title='bbox 745 2027 857 2104; x_wconf 84' lang='grc' dir='ltr'><strong><em>ῖσμεν·</em></strong></span> <span class='ocrx_word' id='word_1_127' title='bbox 881 2023 915 2086; x_wconf 80' lang='grc' dir='ltr'><strong><em>οἱ</em></strong></span> <span class='ocrx_word' id='word_1_128' title='bbox 927 2018 991 2105; x_wconf 80' lang='grc' dir='ltr'><strong><em>γάρ</em></strong></span> <span class='ocrx_word' id='word_1_129' title='bbox 1002 2023 1189 2104; x_wconf 78' lang='grc' dir='ltr'><strong><em>τραπεζῖται</em></strong></span> <span class='ocrx_word' id='word_1_130' title='bbox 1202 2021 1250 2084; x_wconf 63' lang='grc' dir='ltr'><strong><em>ελ</em></strong></span> 
     </span>
     <span class='ocr_line' id='line_1_17' title="bbox 296 2108 1250 2204; baseline -0.003 -19"><span class='ocrx_word' id='word_1_131' title='bbox 296 2119 428 2186; x_wconf 87' lang='grc' dir='ltr'><strong><em>ω’θασιν</em></strong></span> <span class='ocrx_word' id='word_1_132' title='bbox 438 2115 658 2204; x_wconf 76' lang='grc' dir='ltr'><strong><em>ὑπομνήματα</em></strong></span> <span class='ocrx_word' id='word_1_133' title='bbox 668 2114 862 2202; x_wconf 72' lang='grc' dir='ltr'><strong><em>γράφεσθαι</em></strong></span> <span class='ocrx_word' id='word_1_134' title='bbox 873 2108 923 2185; x_wconf 67' lang='grc' dir='ltr'><strong><em>οἷν</em></strong></span> <span class='ocrx_word' id='word_1_135' title='bbox 933 2143 968 2184; x_wconf 91' lang='grc' dir='ltr'><strong><em>τε</em></strong></span> <span class='ocrx_word' id='word_1_136' title='bbox 980 2116 1110 2184; x_wconf 87' lang='grc' dir='ltr'><strong><em>διδόασι</em></strong></span> <span class='ocrx_word' id='word_1_137' title='bbox 1120 2114 1250 2202; x_wconf 87' lang='grc' dir='ltr'><strong><em>χρημά-</em></strong></span> 
     </span>
     <span class='ocr_line' id='line_1_18' title="bbox 294 2206 1250 2302; baseline -0.007 -13"><span class='ocrx_word' id='word_1_138' title='bbox 294 2242 378 2302; x_wconf 72' lang='grc' dir='ltr'><strong><em>των,</em></strong></span> <span class='ocrx_word' id='word_1_139' title='bbox 397 2218 452 2284; x_wconf 77' lang='grc' dir='ltr'><strong><em>καὶ</em></strong></span> <span class='ocrx_word' id='word_1_140' title='bbox 469 2222 514 2295; x_wconf 83' lang='grc' dir='ltr'><strong><em>είς</em></strong></span> <span class='ocrx_word' id='word_1_141' title='bbox 530 2214 550 2283; x_wconf 85' lang='grc' dir='ltr'>ὅ</span> <span class='ocrx_word' id='word_1_142' title='bbox 567 2243 613 2300; x_wconf 90' lang='grc' dir='ltr'><strong><em>τι,</em></strong></span> <span class='ocrx_word' id='word_1_143' title='bbox 632 2219 687 2283; x_wconf 79' lang='grc' dir='ltr'><strong><em>καί</em></strong></span> <span class='ocrx_word' id='word_1_144' title='bbox 705 2208 754 2283; x_wconf 69' lang='grc' dir='ltr'><strong><em>οἷν</em></strong></span> <span class='ocrx_word' id='word_1_145' title='bbox 766 2215 811 2284; x_wconf 85' lang='grc' dir='ltr'><strong><em>άν</em></strong></span> <span class='ocrx_word' id='word_1_146' title='bbox 822 2242 870 2294; x_wconf 81' lang='grc' dir='ltr'><strong><em>τις</em></strong></span> <span class='ocrx_word' id='word_1_147' title='bbox 880 2222 1028 2302; x_wconf 72' lang='grc' dir='ltr'><strong><em>τυθῆναι,</em></strong></span> <span class='ocrx_word' id='word_1_148' title='bbox 1050 2212 1092 2282; x_wconf 78' lang='grc' dir='ltr'><strong><em>ἵν’</em></strong></span> <span class='ocrx_word' id='word_1_149' title='bbox 1103 2206 1126 2302; x_wconf 78' lang='grc' dir='ltr'><strong><em>ᾖ</em></strong></span> <span class='ocrx_word' id='word_1_150' title='bbox 1138 2211 1250 2294; x_wconf 81' lang='grc' dir='ltr'><strong><em>αὐτοῖς</em></strong></span> 
     </span>
     <span class='ocr_line' id='line_1_19' title="bbox 294 2311 1253 2402; baseline -0.002 -20"><span class='ocrx_word' id='word_1_151' title='bbox 294 2315 447 2401; x_wconf 71' lang='grc' dir='ltr'><strong><em>γνώριμα</em></strong></span> <span class='ocrx_word' id='word_1_152' title='bbox 464 2315 504 2382; x_wconf 92' lang='grc' dir='ltr'><strong><em>τά</em></strong></span> <span class='ocrx_word' id='word_1_153' title='bbox 521 2341 557 2383; x_wconf 86' lang='grc' dir='ltr'><strong><em>τε</em></strong></span> <span class='ocrx_word' id='word_1_154' title='bbox 573 2320 746 2402; x_wconf 76' lang='grc' dir='ltr'><strong><em>ληφθέντα</em></strong></span> <span class='ocrx_word' id='word_1_155' title='bbox 769 2317 825 2383; x_wconf 78' lang='grc' dir='ltr'><strong><em>καί</em></strong></span> <span class='ocrx_word' id='word_1_156' title='bbox 841 2313 881 2383; x_wconf 86' lang='grc' dir='ltr'><strong><em>τά</em></strong></span> <span class='ocrx_word' id='word_1_157' title='bbox 903 2320 1042 2384; x_wconf 85' lang='grc' dir='ltr'><strong><em>τεθέντα</em></strong></span> <span class='ocrx_word' id='word_1_158' title='bbox 1065 2311 1148 2400; x_wconf 81' lang='grc' dir='ltr'><strong><em>πρὸς</em></strong></span> <span class='ocrx_word' id='word_1_159' title='bbox 1169 2311 1253 2393; x_wconf 80' lang='grc' dir='ltr'><strong><em>τούς</em></strong></span> 
     </span>
     <span class='ocr_line' id='line_1_20' title="bbox 293 2415 482 2500; baseline -0.005 -18"><span class='ocrx_word' id='word_1_160' title='bbox 293 2415 482 2500; x_wconf 77' lang='grc' dir='ltr'><strong><em>λογισμούς.</em></strong></span> 
     </span>
    </p>

    <p class='ocr_par' dir='ltr' id='par_1_3' title="bbox 268 2511 1250 3196">
     <span class='ocr_line' id='line_1_21' title="bbox 268 2511 1250 2604; baseline 0.002 -25"><span class='ocrx_word' id='word_1_161' title='bbox 268 2534 286 2588; x_wconf 80' lang='lat'><strong>6</strong></span> <span class='ocrx_word' id='word_1_162' title='bbox 377 2511 446 2579; x_wconf 79' lang='grc' dir='ltr'><strong><em>Ἐπί</em></strong></span> <span class='ocrx_word' id='word_1_163' title='bbox 456 2518 677 2604; x_wconf 77' lang='grc' dir='ltr'><strong><em>Σωκρατίδου</em></strong></span> <span class='ocrx_word' id='word_1_164' title='bbox 692 2512 758 2600; x_wconf 75' lang='grc' dir='ltr'><strong><em>γάρ</em></strong></span> <span class='ocrx_word' id='word_1_165' title='bbox 775 2511 935 2600; x_wconf 85' lang='grc' dir='ltr'><strong><em>άρχοντος</em></strong></span> <span class='ocrx_word' id='word_1_166' title='bbox 945 2519 1174 2599; x_wconf 78' lang='grc' dir='ltr'><strong><em>μουνυχιῶνος</em></strong></span> <span class='ocrx_word' id='word_1_167' title='bbox 1184 2539 1250 2600; x_wconf 89' lang='grc' dir='ltr'><strong><em>μη-</em></strong></span> 
     </span>
     <span class='ocr_line' id='line_1_22' title="bbox 295 2608 1249 2700; baseline 0.001 -22"><span class='ocrx_word' id='word_1_168' title='bbox 295 2608 354 2692; x_wconf 81' lang='grc' dir='ltr'><strong><em>νὸς</em></strong></span> <span class='ocrx_word' id='word_1_169' title='bbox 369 2617 501 2699; x_wconf 84' lang='grc' dir='ltr'><strong><em>μέλλων.</em></strong></span> <span class='ocrx_word' id='word_1_170' title='bbox 514 2617 646 2680; x_wconf 76' lang='grc' dir='ltr'><strong><em>ἐκπλεῖν</em></strong></span> <span class='ocrx_word' id='word_1_171' title='bbox 669 2612 729 2681; x_wconf 88' lang='grc' dir='ltr'><strong><em>τὸν</em></strong></span> <span class='ocrx_word' id='word_1_172' title='bbox 752 2613 893 2700; x_wconf 81' lang='grc' dir='ltr'><strong><em>ὕστερον</em></strong></span> <span class='ocrx_word' id='word_1_173' title='bbox 914 2618 1060 2681; x_wconf 75' lang='grc' dir='ltr'><strong><em>ἔκπλουν</em></strong></span> <span class='ocrx_word' id='word_1_174' title='bbox 1084 2611 1249 2697; x_wconf 86' lang='grc' dir='ltr'><strong><em>Τιμόθεος</em></strong></span> 
     </span>
     <span class='ocr_line' id='line_1_23' title="bbox 295 2707 1249 2800; baseline 0.002 -23"><span class='ocrx_word' id='word_1_175' title='bbox 295 2708 505 2796; x_wconf 80' lang='grc' dir='ltr'><strong><em>οὑτοσὶ,’περὶ</em></strong></span> <span class='ocrx_word' id='word_1_176' title='bbox 516 2707 769 2799; x_wconf 80' lang='grc' dir='ltr'><strong><em>άναγωγηυῆδη</em></strong></span> <span class='ocrx_word' id='word_1_177' title='bbox 782 2708 831 2780; x_wconf 70' lang='grc' dir='ltr'><strong><em>ολν</em></strong></span> <span class='ocrx_word' id='word_1_178' title='bbox 847 2717 884 2779; x_wconf 84' lang='grc' dir='ltr'><strong><em>ἐν</em></strong></span> <span class='ocrx_word' id='word_1_179' title='bbox 900 2718 946 2800; x_wconf 79' lang='grc' dir='ltr'><strong><em>τῳ</em></strong></span> <span class='ocrx_word' id='word_1_180' title='bbox 957 2718 1121 2797; x_wconf 84' lang='grc' dir='ltr'><strong><em>Πειραιεῖ,</em></strong></span> <span class='ocrx_word' id='word_1_181' title='bbox 1142 2731 1249 2795; x_wconf 91' lang='grc' dir='ltr'><strong><em>προσ-</em></strong></span> 
     </span>
     <span class='ocr_line' id='line_1_24' title="bbox 295 2804 1249 2901; baseline 0.004 -27"><span class='ocrx_word' id='word_1_182' title='bbox 295 2811 428 2893; x_wconf 77' lang='grc' dir='ltr'><strong><em>δεηθεὶς</em></strong></span> <span class='ocrx_word' id='word_1_183' title='bbox 445 2804 622 2892; x_wconf 81' lang='grc' dir='ltr'><strong><em>ἀργυρίου,</em></strong></span> <span class='ocrx_word' id='word_1_184' title='bbox 638 2807 840 2893; x_wconf 75' lang='grc' dir='ltr'><strong><em>τιροσελθολυ</em></strong></span> <span class='ocrx_word' id='word_1_185' title='bbox 850 2816 896 2896; x_wconf 74' lang='grc' dir='ltr'><strong><em>τῷ</em></strong></span> <span class='ocrx_word' id='word_1_186' title='bbox 909 2811 1007 2895; x_wconf 79' lang='grc' dir='ltr'><strong><em>πατρὶ</em></strong></span> <span class='ocrx_word' id='word_1_187' title='bbox 1016 2815 1062 2899; x_wconf 77' lang='grc' dir='ltr'><strong><em>τῷ</em></strong></span> <span class='ocrx_word' id='word_1_188' title='bbox 1075 2811 1143 2898; x_wconf 78' lang='grc' dir='ltr'><strong><em>ἐμῷ</em></strong></span> <span class='ocrx_word' id='word_1_189' title='bbox 1153 2812 1191 2878; x_wconf 89' lang='grc' dir='ltr'><strong><em>έν</em></strong></span> <span class='ocrx_word' id='word_1_190' title='bbox 1202 2815 1249 2901; x_wconf 78' lang='grc' dir='ltr'><strong><em>τῳ</em></strong></span> 
     </span>
     <span class='ocr_line' id='line_1_25' title="bbox 294 2904 1249 2994; baseline 0.004 -22"><span class='ocrx_word' id='word_1_191' title='bbox 294 2907 402 2990; x_wconf 88' lang='grc' dir='ltr'><strong><em>λιμένι</em></strong></span> <span class='ocrx_word' id='word_1_192' title='bbox 412 2906 584 2974; x_wconf 81' lang='grc' dir='ltr'><strong><em>ἐκέλευσεν</em></strong></span> <span class='ocrx_word' id='word_1_193' title='bbox 594 2904 698 2974; x_wconf 77' lang='grc' dir='ltr'><strong><em>αὐτὸν</em></strong></span> <span class='ocrx_word' id='word_1_194' title='bbox 715 2914 835 2993; x_wconf 81' lang='grc' dir='ltr'><strong><em>χρῆσαι</em></strong></span> <span class='ocrx_word' id='word_1_195' title='bbox 852 2913 956 2992; x_wconf 91' lang='grc' dir='ltr'><strong><em>χιλίας</em></strong></span> <span class='ocrx_word' id='word_1_196' title='bbox 967 2914 1155 2994; x_wconf 83' lang='grc' dir='ltr'><strong><em>τριακοσίας</em></strong></span> <span class='ocrx_word' id='word_1_197' title='bbox 1166 2933 1249 2976; x_wconf 86' lang='grc' dir='ltr'><strong><em>πεν-</em></strong></span> 
     </span>
     <span class='ocr_line' id='line_1_26' title="bbox 292 3002 1249 3094; baseline 0.005 -24"><span class='ocrx_word' id='word_1_198' title='bbox 292 3002 436 3089; x_wconf 84' lang='grc' dir='ltr'><strong><em>τήκοντα</em></strong></span> <span class='ocrx_word' id='word_1_199' title='bbox 447 3011 527 3090; x_wconf 87' lang='grc' dir='ltr'><strong><em>μίαν</em></strong></span> <span class='ocrx_word' id='word_1_200' title='bbox 539 3002 595 3071; x_wconf 81' lang='grc' dir='ltr'><strong><em>δύ’</em></strong></span> <span class='ocrx_word' id='word_1_201' title='bbox 609 3004 737 3093; x_wconf 78' lang='grc' dir='ltr'><strong><em>ὀβολοί·</em></strong></span> <span class='ocrx_word' id='word_1_202' title='bbox 759 3005 923 3074; x_wconf 82' lang='grc' dir='ltr'><strong><em>τοσούτου</em></strong></span> <span class='ocrx_word' id='word_1_203' title='bbox 940 3008 1004 3091; x_wconf 74' lang='grc' dir='ltr'><strong><em>γάρ</em></strong></span> <span class='ocrx_word' id='word_1_204' title='bbox 1015 3011 1078 3094; x_wconf 80' lang='grc' dir='ltr'><strong><em>ἔφη</em></strong></span> <span class='ocrx_word' id='word_1_205' title='bbox 1090 3011 1249 3090; x_wconf 83' lang='grc' dir='ltr'><strong><em>προσδεῖ-</em></strong></span> 
     </span>
     <span class='ocr_line' id='line_1_27' title="bbox 293 3101 1247 3196; baseline 0.008 -30"><span class='ocrx_word' id='word_1_206' title='bbox 293 3111 388 3167; x_wconf 88' lang='grc' dir='ltr'><strong><em>σθαι·</em></strong></span> <span class='ocrx_word' id='word_1_207' title='bbox 416 3104 471 3170; x_wconf 80' lang='grc' dir='ltr'><strong><em>καὶ</em></strong></span> <span class='ocrx_word' id='word_1_208' title='bbox 489 3109 608 3171; x_wconf 81' lang='grc' dir='ltr'><strong><em>δοῦναι</em></strong></span> <span class='ocrx_word' id='word_1_209' title='bbox 627 3108 797 3173; x_wconf 85' lang='grc' dir='ltr'><strong><em>ἐκέλευσεν</em></strong></span> <span class='ocrx_word' id='word_1_210' title='bbox 815 3101 996 3194; x_wconf 90' lang='grc' dir='ltr'><strong><em>Ἀντιμάχῳ</em></strong></span> <span class='ocrx_word' id='word_1_211' title='bbox 1013 3113 1059 3196; x_wconf 80' lang='grc' dir='ltr'><strong><em>τῳ</em></strong></span> <span class='ocrx_word' id='word_1_212' title='bbox 1080 3113 1179 3195; x_wconf 79' lang='grc' dir='ltr'><strong><em>ταμίη</em></strong></span> <span class='ocrx_word' id='word_1_213' title='bbox 1200 3105 1247 3194; x_wconf 72' lang='grc' dir='ltr'><strong><em>τῷ</em></strong></span> 
     </span>
    </p>

    <p class='ocr_par' dir='ltr' id='par_1_4' title="bbox 268 3197 1249 3687">
     <span class='ocr_line' id='line_1_28' title="bbox 268 3197 1249 3293; baseline 0.008 -28"><span class='ocrx_word' id='word_1_214' title='bbox 268 3199 426 3285; x_wconf 81' lang='grc' dir='ltr'><strong><em>ῖὲαυτοῦ,</em></strong></span> <span class='ocrx_word' id='word_1_215' title='bbox 441 3197 478 3280; x_wconf 81' lang='grc' dir='ltr'><strong><em>ὃς</em></strong></span> <span class='ocrx_word' id='word_1_216' title='bbox 488 3203 595 3292; x_wconf 83' lang='grc' dir='ltr'><strong><em>τούτῳ</em></strong></span> <span class='ocrx_word' id='word_1_217' title='bbox 607 3202 719 3293; x_wconf 76' lang='grc' dir='ltr'><strong><em>διῳκει</em></strong></span> <span class='ocrx_word' id='word_1_218' title='bbox 730 3202 804 3271; x_wconf 86' lang='grc' dir='ltr'><strong><em>τότε</em></strong></span> <span class='ocrx_word' id='word_1_219' title='bbox 815 3205 932 3272; x_wconf 89' lang='grc' dir='ltr'><strong><em>πάντα.</em></strong></span> <span class='ocrx_word' id='word_1_220' title='bbox 955 3205 1010 3272; x_wconf 80' lang='grc' dir='ltr'><strong><em>καὶ</em></strong></span> <span class='ocrx_word' id='word_1_221' title='bbox 1028 3203 1045 3271; x_wconf 90' lang='grc' dir='ltr'>ὁ</span> <span class='ocrx_word' id='word_1_222' title='bbox 1060 3208 1122 3290; x_wconf 79' lang='grc' dir='ltr'><strong><em>μέν</em></strong></span> <span class='ocrx_word' id='word_1_223' title='bbox 1135 3209 1249 3273; x_wconf 90' lang='grc' dir='ltr'><strong><em>δανει-</em></strong></span> 
     </span>
     <span class='ocr_line' id='line_1_29' title="bbox 294 3297 1248 3390; baseline 0.008 -28"><span class='ocrx_word' id='word_1_224' title='bbox 294 3297 435 3381; x_wconf 87' lang='grc' dir='ltr'><strong><em>σάμενος</em></strong></span> <span class='ocrx_word' id='word_1_225' title='bbox 445 3298 482 3365; x_wconf 82' lang='grc' dir='ltr'><strong><em>τὰ</em></strong></span> <span class='ocrx_word' id='word_1_226' title='bbox 496 3298 659 3386; x_wconf 80' lang='grc' dir='ltr'><strong><em>ἀργύριον</em></strong></span> <span class='ocrx_word' id='word_1_227' title='bbox 670 3299 759 3387; x_wconf 85' lang='grc' dir='ltr'><strong><em>παρά</em></strong></span> <span class='ocrx_word' id='word_1_228' title='bbox 769 3311 832 3370; x_wconf 80' lang='grc' dir='ltr'><strong><em>τοῦ</em></strong></span> <span class='ocrx_word' id='word_1_229' title='bbox 842 3299 965 3388; x_wconf 80' lang='grc' dir='ltr'><strong><em>πατρὸς</em></strong></span> <span class='ocrx_word' id='word_1_230' title='bbox 975 3309 1037 3370; x_wconf 84' lang='grc' dir='ltr'><strong><em>τοῦ</em></strong></span> <span class='ocrx_word' id='word_1_231' title='bbox 1048 3306 1131 3388; x_wconf 79' lang='grc' dir='ltr'><strong><em>ἐμοῦ</em></strong></span> <span class='ocrx_word' id='word_1_232' title='bbox 1145 3300 1248 3390; x_wconf 84' lang='grc' dir='ltr'><strong><em>Τιμό-</em></strong></span> 
     </span>
     <span class='ocr_line' id='line_1_30' title="bbox 292 3389 1249 3493; baseline 0.009 -33"><span class='ocrx_word' id='word_1_233' title='bbox 292 3404 373 3473; x_wconf 89' lang='grc' dir='ltr'><strong><em>θεος</em></strong></span> <span class='ocrx_word' id='word_1_234' title='bbox 388 3389 433 3481; x_wconf 80' lang='grc' dir='ltr'><strong><em>ἦν</em></strong></span> <span class='ocrx_word' id='word_1_235' title='bbox 449 3399 503 3464; x_wconf 81' lang='grc' dir='ltr'><strong><em>καὶ</em></strong></span> <span class='ocrx_word' id='word_1_236' title='bbox 524 3398 681 3478; x_wconf 87' lang='grc' dir='ltr'><strong><em>κελεύσας</em></strong></span> <span class='ocrx_word' id='word_1_237' title='bbox 692 3404 811 3468; x_wconf 83' lang='grc' dir='ltr'><strong><em>δοῦναι</em></strong></span> <span class='ocrx_word' id='word_1_238' title='bbox 828 3398 1007 3490; x_wconf 78' lang='grc' dir='ltr'><strong><em>Ἀντιμάχῳ</em></strong></span> <span class='ocrx_word' id='word_1_239' title='bbox 1024 3407 1070 3491; x_wconf 78' lang='grc' dir='ltr'><strong><em>τῳ</em></strong></span> <span class='ocrx_word' id='word_1_240' title='bbox 1089 3407 1189 3492; x_wconf 79' lang='grc' dir='ltr'><strong><em>ταμία</em></strong></span> <span class='ocrx_word' id='word_1_241' title='bbox 1200 3401 1249 3493; x_wconf 73' lang='grc' dir='ltr'><strong><em>τῷ</em></strong></span> 
     </span>
     <span class='ocr_line' id='line_1_31' title="bbox 282 3492 1245 3587; baseline 0.004 -25"><span class='ocrx_word' id='word_1_242' title='bbox 282 3495 424 3580; x_wconf 68' lang='grc' dir='ltr'><strong><em>εαυτοῦ,</em></strong></span> <span class='ocrx_word' id='word_1_243' title='bbox 437 3492 455 3562; x_wconf 90' lang='grc' dir='ltr'>ὁ</span> <span class='ocrx_word' id='word_1_244' title='bbox 468 3500 504 3564; x_wconf 74' lang='grc' dir='ltr'><strong><em>δὲ</em></strong></span> <span class='ocrx_word' id='word_1_245' title='bbox 514 3494 629 3584; x_wconf 69' lang='grc' dir='ltr'><strong><em>λαβών</em></strong></span> <span class='ocrx_word' id='word_1_246' title='bbox 639 3496 676 3565; x_wconf 87' lang='grc' dir='ltr'>τὸ</span> <span class='ocrx_word' id='word_1_247' title='bbox 689 3497 854 3587; x_wconf 80' lang='grc' dir='ltr'><strong><em>ἀργύριον</em></strong></span> <span class='ocrx_word' id='word_1_248' title='bbox 865 3501 971 3585; x_wconf 79' lang='grc' dir='ltr'><strong><em>ἕκτης</em></strong></span> <span class='ocrx_word' id='word_1_249' title='bbox 983 3501 1142 3586; x_wconf 81' lang='grc' dir='ltr'><strong><em>τραπέζης</em></strong></span> <span class='ocrx_word' id='word_1_250' title='bbox 1153 3496 1245 3587; x_wconf 75' lang='grc' dir='ltr'><strong><em>παρὰ</em></strong></span> 
     </span>
     <span class='ocr_line' id='line_1_32' title="bbox 293 3594 1245 3687; baseline 0.009 -28"><span class='ocrx_word' id='word_1_251' title='bbox 293 3598 487 3678; x_wconf 89' lang='grc' dir='ltr'><strong><em>Φορμίωνος</em></strong></span> <span class='ocrx_word' id='word_1_252' title='bbox 512 3594 726 3684; x_wconf 80' lang='grc' dir='ltr'><strong><em>Αὐτόνομος,</em></strong></span> <span class='ocrx_word' id='word_1_253' title='bbox 761 3598 866 3682; x_wconf 84' lang='grc' dir='ltr'><strong><em>ὅσπερ</em></strong></span> <span class='ocrx_word' id='word_1_254' title='bbox 896 3595 1076 3687; x_wconf 81' lang='grc' dir='ltr'><strong><em>Ἀντιμάχῳ</em></strong></span> <span class='ocrx_word' id='word_1_255' title='bbox 1109 3602 1245 3668; x_wconf 89' lang='grc' dir='ltr'><strong><em>διετέλει</em></strong></span> 
     </span>
    </p>

    <p class='ocr_par' dir='ltr' id='par_1_5' title="bbox 266 3692 1245 3783">
     <span class='ocr_line' id='line_1_33' title="bbox 266 3692 1245 3783; baseline 0.007 -24"><span class='ocrx_word' id='word_1_256' title='bbox 266 3695 532 3778; x_wconf 70' lang='grc' dir='ltr'><strong><em>εχραμματεάων</em></strong></span> <span class='ocrx_word' id='word_1_257' title='bbox 549 3692 609 3763; x_wconf 81' lang='grc' dir='ltr'><strong><em>τὸν</em></strong></span> <span class='ocrx_word' id='word_1_258' title='bbox 630 3695 762 3765; x_wconf 78' lang='grc' dir='ltr'><strong><em>ἅπαντα</em></strong></span> <span class='ocrx_word' id='word_1_259' title='bbox 781 3696 915 3783; x_wconf 87' lang='grc' dir='ltr'><strong><em>χρόνον.</em></strong></span> <span class='ocrx_word' id='word_1_260' title='bbox 947 3699 1107 3776; x_wconf 85' lang='grc' dir='ltr'><strong><em>δοθέντος</em></strong></span> <span class='ocrx_word' id='word_1_261' title='bbox 1126 3703 1245 3767; x_wconf 91' lang='grc' dir='ltr'><strong><em>τοίνυν</em></strong></span> 
     </span>
    </p>
   </div>
   <div class='ocr_carea' id='block_1_3' title="bbox 0 0 1584 4409">
    <p class='ocr_par' dir='ltr' id='par_1_6' title="bbox 0 0 1584 4409">
     <span class='ocr_line' id='line_1_34' title="bbox 0 0 1584 4409; baseline 0 0"><span class='ocrx_word' id='word_1_262' title='bbox 0 0 1584 4409; x_wconf 95' lang='lat' dir='ltr'><strong><em> </em></strong></span> 
     </span>
    </p>
   </div>
  </div>
 </body>
</html>
