<?xml version="1.0" encoding="UTF-8"?>
<!DOCTYPE html PUBLIC "-//W3C//DTD XHTML 1.0 Transitional//EN"
    "http://www.w3.org/TR/xhtml1/DTD/xhtml1-transitional.dtd">
<html xmlns="http://www.w3.org/1999/xhtml" xml:lang="en" lang="en">
 <head>
  <title>
</title>
<meta http-equiv="Content-Type" content="text/html;charset=utf-8" />
  <meta name='ocr-system' content='tesseract 3.04.00' />
  <meta name='ocr-capabilities' content='ocr_page ocr_carea ocr_par ocr_line ocrx_word'/>
</head>
<body>
  <div class='ocr_page' id='page_1' title='image "./orationesexrece02demogoog_0376.png"; bbox 0 0 3159 4409; ppageno 0'>
   <div class='ocr_carea' id='block_1_1' title="bbox 325 508 1020 591">
    <p class='ocr_par' dir='ltr' id='par_1_1' title="bbox 325 508 1020 591">
     <span class='ocr_line' id='line_1_1' title="bbox 325 508 1020 591; baseline -0.009 -12"><span class='ocrx_word' id='word_1_1' title='bbox 325 508 389 579; x_wconf 76' lang='grc' dir='ltr'><strong><em>υιε</em></strong></span> <span class='ocrx_word' id='word_1_2' title='bbox 577 511 1020 591; x_wconf 69' lang='grc' dir='ltr'><strong><em>[Διιοιοεοεαονε]</em></strong></span> 
     </span>
    </p>
   </div>
   <div class='ocr_carea' id='block_1_2' title="bbox 203 666 1332 3804">
    <p class='ocr_par' dir='ltr' id='par_1_2' title="bbox 203 666 1332 2823">
     <span class='ocr_line' id='line_1_2' title="bbox 328 666 1275 759; baseline -0.007 -16"><span class='ocrx_word' id='word_1_3' title='bbox 328 683 479 752; x_wconf 87' lang='grc' dir='ltr'><strong><em>πλείονος</em></strong></span> <span class='ocrx_word' id='word_1_4' title='bbox 499 669 637 759; x_wconf 80' lang='grc' dir='ltr'><strong><em>ἡσυχίας</em></strong></span> <span class='ocrx_word' id='word_1_5' title='bbox 656 670 898 756; x_wconf 75' lang='grc' dir='ltr'><strong><em>διαπράττηται.</em></strong></span> <span class='ocrx_word' id='word_1_6' title='bbox 931 670 983 739; x_wconf 87' lang='grc' dir='ltr'><strong><em>ὅτι</em></strong></span> <span class='ocrx_word' id='word_1_7' title='bbox 1010 669 1041 738; x_wconf 89' lang='grc' dir='ltr'><strong><em>δ’</em></strong></span> <span class='ocrx_word' id='word_1_8' title='bbox 1068 669 1156 738; x_wconf 76' lang='grc' dir='ltr'><strong><em>οὕτω</em></strong></span> <span class='ocrx_word' id='word_1_9' title='bbox 1183 666 1275 738; x_wconf 81' lang='grc' dir='ltr'><strong><em>ταῦτ’</em></strong></span> 
     </span>
     <span class='ocr_line' id='line_1_3' title="bbox 327 766 1276 860; baseline -0.011 -18"><span class='ocrx_word' id='word_1_10' title='bbox 327 780 409 860; x_wconf 75' lang='grc' dir='ltr'><strong><em>ἔχει,</em></strong></span> <span class='ocrx_word' id='word_1_11' title='bbox 431 769 475 858; x_wconf 77' lang='grc' dir='ltr'><strong><em>μὴ</em></strong></span> <span class='ocrx_word' id='word_1_12' title='bbox 494 774 565 857; x_wconf 77' lang='grc' dir='ltr'><strong><em>ἐμοὶ</em></strong></span> <span class='ocrx_word' id='word_1_13' title='bbox 581 771 793 856; x_wconf 88' lang='grc' dir='ltr'><strong><em>πιστεύσητε,</em></strong></span> <span class='ocrx_word' id='word_1_14' title='bbox 814 766 888 836; x_wconf 89' lang='grc' dir='ltr'><strong><em>ἀλλ’</em></strong></span> <span class='ocrx_word' id='word_1_15' title='bbox 910 771 948 837; x_wconf 82' lang='grc' dir='ltr'><strong><em>ἐν</em></strong></span> <span class='ocrx_word' id='word_1_16' title='bbox 964 774 1276 860; x_wconf 74' lang='grc' dir='ltr'><strong><em>βραχεῖλογίσασθε.</em></strong></span> 
     </span>
     <span class='ocr_line' id='line_1_4' title="bbox 326 862 1277 954; baseline -0.008 -14"><span class='ocrx_word' id='word_1_17' title='bbox 326 878 416 940; x_wconf 78' lang='grc' dir='ltr'><strong><em>ἔστιν</em></strong></span> <span class='ocrx_word' id='word_1_18' title='bbox 432 871 519 940; x_wconf 84' lang='grc' dir='ltr'><strong><em>ὅπου</em></strong></span> <span class='ocrx_word' id='word_1_19' title='bbox 535 895 586 950; x_wconf 95' lang='grc' dir='ltr'><strong><em>τις</em></strong></span> <span class='ocrx_word' id='word_1_20' title='bbox 601 866 746 948; x_wconf 88' lang='grc' dir='ltr'><strong><em>ἀναστάς</em></strong></span> <span class='ocrx_word' id='word_1_21' title='bbox 765 866 835 936; x_wconf 85' lang='grc' dir='ltr'><strong><em>εἶπε</em></strong></span> <span class='ocrx_word' id='word_1_22' title='bbox 853 866 932 952; x_wconf 86' lang='grc' dir='ltr'><strong><em>παρ’</em></strong></span> <span class='ocrx_word' id='word_1_23' title='bbox 943 865 1024 954; x_wconf 78' lang='grc' dir='ltr'><strong><em>ὑμῖν</em></strong></span> <span class='ocrx_word' id='word_1_24' title='bbox 1034 867 1167 934; x_wconf 75' lang='grc' dir='ltr'><strong><em>πάντοτε</em></strong></span> <span class='ocrx_word' id='word_1_25' title='bbox 1173 862 1277 951; x_wconf 67' lang='lat' dir='ltr'><em>“flov-</em></span> 
     </span>
     <span class='ocr_line' id='line_1_5' title="bbox 327 957 1279 1056; baseline -0.006 -18"><span class='ocrx_word' id='word_1_26' title='bbox 327 969 506 1056; x_wconf 87' lang='grc' dir='ltr'><strong><em>λόμενόςτι</em></strong></span> <span class='ocrx_word' id='word_1_27' title='bbox 514 972 627 1052; x_wconf 79' lang='grc' dir='ltr'><strong><em>λαβεῖν</em></strong></span> <span class='ocrx_word' id='word_1_28' title='bbox 635 975 703 1034; x_wconf 75' lang='grc' dir='ltr'><strong><em>τοῖν</em></strong></span> <span class='ocrx_word' id='word_1_29' title='bbox 711 964 879 1052; x_wconf 82' lang='grc' dir='ltr'><strong><em>ὑμετέρων</em></strong></span> <span class='ocrx_word' id='word_1_30' title='bbox 888 957 1279 1052; x_wconf 80' lang='grc' dir='ltr'><strong><em>παρελήλυθα,άάνδρες</em></strong></span> 
     </span>
     <span class='ocr_line' id='line_1_6' title="bbox 325 1060 1278 1154; baseline -0.006 -18"><span class='ocrx_word' id='word_1_31' title='bbox 325 1067 511 1154; x_wconf 72' lang='grc' dir='ltr'><strong><em>Ἀθηναῖοι,</em></strong></span> <span class='ocrx_word' id='word_1_32' title='bbox 524 1063 585 1150; x_wconf 91' lang='grc' dir='ltr'><strong><em>ούχ</em></strong></span> <span class='ocrx_word' id='word_1_33' title='bbox 595 1062 680 1152; x_wconf 72' lang='grc' dir='ltr'><strong><em>ὑπὲρ</em></strong></span> <span class='ocrx_word' id='word_1_34' title='bbox 690 1061 821 1150; x_wconf 79' lang='grc' dir='ltr'><strong><em>ύμύν;”</em></strong></span> <span class='ocrx_word' id='word_1_35' title='bbox 842 1063 953 1145; x_wconf 77' lang='grc' dir='ltr'><strong><em>οὐδεὶς</em></strong></span> <span class='ocrx_word' id='word_1_36' title='bbox 963 1066 1089 1153; x_wconf 79' lang='grc' dir='ltr'><strong><em>δήπου,</em></strong></span> <span class='ocrx_word' id='word_1_37' title='bbox 1107 1061 1183 1131; x_wconf 86' lang='grc' dir='ltr'><strong><em>ἀλλ’</em></strong></span> <span class='ocrx_word' id='word_1_38' title='bbox 1198 1060 1278 1146; x_wconf 69' lang='grc' dir='ltr'><strong><em>ὑπὲρ</em></strong></span> 
     </span>
     <span class='ocr_line' id='line_1_7' title="bbox 328 1159 1278 1255; baseline -0.009 -21"><span class='ocrx_word' id='word_1_39' title='bbox 328 1162 424 1251; x_wconf 70' lang='grc' dir='ltr'><strong><em>ύμολν</em></strong></span> <span class='ocrx_word' id='word_1_40' title='bbox 440 1165 495 1232; x_wconf 81' lang='grc' dir='ltr'><strong><em>ιιαλ</em></strong></span> <span class='ocrx_word' id='word_1_41' title='bbox 511 1159 558 1230; x_wconf 90' lang='grc' dir='ltr'><strong><em>δι’</em></strong></span> <span class='ocrx_word' id='word_1_42' title='bbox 574 1159 675 1248; x_wconf 75' lang='grc' dir='ltr'><strong><em>ἀμάς,</em></strong></span> <span class='ocrx_word' id='word_1_43' title='bbox 697 1165 753 1230; x_wconf 83' lang='grc' dir='ltr'><strong><em>κοιλ</em></strong></span> <span class='ocrx_word' id='word_1_44' title='bbox 770 1163 925 1242; x_wconf 82' lang='grc' dir='ltr'><strong><em>τοιαύτας</em></strong></span> <span class='ocrx_word' id='word_1_45' title='bbox 940 1162 1124 1255; x_wconf 79' lang='grc' dir='ltr'><strong><em>προφάσεις</em></strong></span> <span class='ocrx_word' id='word_1_46' title='bbox 1138 1163 1278 1246; x_wconf 84' lang='grc' dir='ltr'><strong><em>λέγουσι.</em></strong></span> 
     </span>
     <span class='ocr_line' id='line_1_8' title="bbox 226 1253 1279 1349; baseline -0.006 -17"><span class='ocrx_word' id='word_1_47' title='bbox 226 1292 228 1295; x_wconf 69' lang='grc'>’</span> <span class='ocrx_word' id='word_1_48' title='bbox 330 1266 410 1349; x_wconf 85' lang='grc' dir='ltr'><strong><em>φέρε</em></strong></span> <span class='ocrx_word' id='word_1_49' title='bbox 432 1260 472 1348; x_wconf 80' lang='grc' dir='ltr'><strong><em>δη</em></strong></span> <span class='ocrx_word' id='word_1_50' title='bbox 491 1262 678 1345; x_wconf 75' lang='grc' dir='ltr'><strong><em>σκέψασθε,</em></strong></span> <span class='ocrx_word' id='word_1_51' title='bbox 700 1266 735 1328; x_wconf 89' lang='grc' dir='ltr'><strong><em>τί</em></strong></span> <span class='ocrx_word' id='word_1_52' title='bbox 747 1259 788 1348; x_wconf 83' lang='grc' dir='ltr'><strong><em>δή</em></strong></span> <span class='ocrx_word' id='word_1_53' title='bbox 807 1283 900 1345; x_wconf 88' lang='grc' dir='ltr'><strong><em>ποτε,</em></strong></span> <span class='ocrx_word' id='word_1_54' title='bbox 924 1253 1279 1345; x_wconf 68' lang='grc' dir='ltr'><strong><em>ω’ἀνδρεςἈδηναῑοι,</em></strong></span> 
     </span>
     <span class='ocr_line' id='line_1_9' title="bbox 329 1351 1280 1445; baseline -0.004 -17"><span class='ocrx_word' id='word_1_55' title='bbox 329 1359 413 1445; x_wconf 78' lang='grc' dir='ltr'><strong><em>ὑπὲρ</em></strong></span> <span class='ocrx_word' id='word_1_56' title='bbox 431 1351 479 1426; x_wconf 73' lang='grc' dir='ltr'><strong><em>οἷν</em></strong></span> <span class='ocrx_word' id='word_1_57' title='bbox 496 1356 638 1438; x_wconf 84' lang='grc' dir='ltr'><strong><em>ἀπαντες</em></strong></span> <span class='ocrx_word' id='word_1_58' title='bbox 653 1360 823 1444; x_wconf 82' lang='grc' dir='ltr'><strong><em>λέγουσιν,</em></strong></span> <span class='ocrx_word' id='word_1_59' title='bbox 845 1355 945 1426; x_wconf 71' lang='grc' dir='ltr'><strong><em>οὐδὲν</em></strong></span> <span class='ocrx_word' id='word_1_60' title='bbox 960 1361 1091 1444; x_wconf 81' lang='grc' dir='ltr'><strong><em>βέλτιον</em></strong></span> <span class='ocrx_word' id='word_1_61' title='bbox 1108 1369 1177 1434; x_wconf 89' lang='grc' dir='ltr'><strong><em>τοῖς</em></strong></span> <span class='ocrx_word' id='word_1_62' title='bbox 1194 1353 1280 1434; x_wconf 85' lang='grc' dir='ltr'><strong><em>ὅλοις</em></strong></span> 
     </span>
     <span class='ocr_line' id='line_1_10' title="bbox 324 1447 1277 1543; baseline -0.006 -15"><span class='ocrx_word' id='word_1_63' title='bbox 324 1465 395 1528; x_wconf 82' lang='grc' dir='ltr'><strong><em>νῦν</em></strong></span> <span class='ocrx_word' id='word_1_64' title='bbox 416 1451 438 1543; x_wconf 79' lang='grc' dir='ltr'><em>ἢ</em></span> <span class='ocrx_word' id='word_1_65' title='bbox 460 1455 624 1542; x_wconf 89' lang='grc' dir='ltr'><strong><em>πρότερον</em></strong></span> <span class='ocrx_word' id='word_1_66' title='bbox 648 1456 820 1542; x_wconf 78' lang='grc' dir='ltr'><strong><em>πράττετε,</em></strong></span> <span class='ocrx_word' id='word_1_67' title='bbox 842 1448 937 1525; x_wconf 85' lang='grc' dir='ltr'><strong><em>ούτοι</em></strong></span> <span class='ocrx_word' id='word_1_68' title='bbox 959 1453 992 1524; x_wconf 86' lang='grc' dir='ltr'><strong><em>δ’</em></strong></span> <span class='ocrx_word' id='word_1_69' title='bbox 1015 1447 1178 1525; x_wconf 61' lang='grc' dir='ltr'><strong><em>οί’πάνθ’</em></strong></span> <span class='ocrx_word' id='word_1_70' title='bbox 1196 1452 1277 1540; x_wconf 77' lang='grc' dir='ltr'><strong><em>ὑπὲρ</em></strong></span> 
     </span>
     <span class='ocr_line' id='line_1_11' title="bbox 330 1551 1279 1643; baseline -0.006 -17"><span class='ocrx_word' id='word_1_71' title='bbox 330 1556 436 1643; x_wconf 80' lang='grc' dir='ltr'><strong><em>ὑμῶν,</em></strong></span> <span class='ocrx_word' id='word_1_72' title='bbox 448 1552 531 1642; x_wconf 69' lang='grc' dir='ltr'><strong><em>ὑπὲρ</em></strong></span> <span class='ocrx_word' id='word_1_73' title='bbox 542 1553 655 1624; x_wconf 80' lang='grc' dir='ltr'><strong><em>αὑτῶν</em></strong></span> <span class='ocrx_word' id='word_1_74' title='bbox 666 1552 699 1622; x_wconf 86' lang='grc' dir='ltr'><strong><em>δ’</em></strong></span> <span class='ocrx_word' id='word_1_75' title='bbox 711 1553 820 1634; x_wconf 86' lang='grc' dir='ltr'><strong><em>ούδελς</em></strong></span> <span class='ocrx_word' id='word_1_76' title='bbox 830 1552 930 1624; x_wconf 75' lang='grc' dir='ltr'><strong><em>οὐδὲν</em></strong></span> <span class='ocrx_word' id='word_1_77' title='bbox 940 1554 1067 1625; x_wconf 77' lang='grc' dir='ltr'><strong><em>πώποτ’</em></strong></span> <span class='ocrx_word' id='word_1_78' title='bbox 1079 1551 1279 1641; x_wconf 77' lang='grc' dir='ltr'><strong><em>είρηκάς,ἐι</em></strong></span> 
     </span>
     <span class='ocr_line' id='line_1_12' title="bbox 331 1645 1280 1741; baseline -0.006 -17"><span class='ocrx_word' id='word_1_79' title='bbox 331 1663 471 1741; x_wconf 82' lang='grc' dir='ltr'><strong><em>πτωχων</em></strong></span> <span class='ocrx_word' id='word_1_80' title='bbox 486 1654 641 1724; x_wconf 90' lang='grc' dir='ltr'><strong><em>πλούσιοι</em></strong></span> <span class='ocrx_word' id='word_1_81' title='bbox 651 1653 844 1740; x_wconf 73' lang='grc' dir='ltr'><strong><em>γεγόνασινς</em></strong></span> <span class='ocrx_word' id='word_1_82' title='bbox 866 1652 1011 1739; x_wconf 81' lang='grc' dir='ltr'><strong><em>ὅτιφασὶ</em></strong></span> <span class='ocrx_word' id='word_1_83' title='bbox 1022 1655 1098 1740; x_wconf 75' lang='grc' dir='ltr'><strong><em>μὲν,</em></strong></span> <span class='ocrx_word' id='word_1_84' title='bbox 1123 1645 1280 1736; x_wconf 81' lang='grc' dir='ltr'><strong><em>άάνδρες</em></strong></span> 
     </span>
     <span class='ocr_line' id='line_1_13' title="bbox 248 1745 1279 1839; baseline -0.003 -19"><span class='ocrx_word' id='word_1_85' title='bbox 248 1772 250 1778; x_wconf 81' lang='grc'>’</span> <span class='ocrx_word' id='word_1_86' title='bbox 328 1749 514 1838; x_wconf 78' lang='grc' dir='ltr'><strong><em>Ἀθηναῖοι,</em></strong></span> <span class='ocrx_word' id='word_1_87' title='bbox 525 1760 634 1837; x_wconf 90' lang='grc' dir='ltr'><strong><em>φιλεῖν</em></strong></span> <span class='ocrx_word' id='word_1_88' title='bbox 643 1748 745 1839; x_wconf 78' lang='grc' dir='ltr'><strong><em>ὑμᾶς,</em></strong></span> <span class='ocrx_word' id='word_1_89' title='bbox 757 1758 893 1838; x_wconf 81' lang='grc' dir='ltr'><strong><em>φιλοῦσι</em></strong></span> <span class='ocrx_word' id='word_1_90' title='bbox 903 1749 935 1820; x_wconf 84' lang='grc' dir='ltr'><strong><em>δ’</em></strong></span> <span class='ocrx_word' id='word_1_91' title='bbox 951 1749 1012 1838; x_wconf 92' lang='grc' dir='ltr'><strong><em>ούχ</em></strong></span> <span class='ocrx_word' id='word_1_92' title='bbox 1021 1749 1118 1837; x_wconf 82' lang='grc' dir='ltr'><strong><em>ὑμᾶς,</em></strong></span> <span class='ocrx_word' id='word_1_93' title='bbox 1129 1747 1204 1818; x_wconf 84' lang='grc' dir='ltr'><strong><em>ἀλλ’</em></strong></span> <span class='ocrx_word' id='word_1_94' title='bbox 1218 1745 1279 1817; x_wconf 78' lang='grc' dir='ltr'><strong><em>αὖ·</em></strong></span> 
     </span>
     <span class='ocr_line' id='line_1_14' title="bbox 330 1848 1278 1938; baseline 0 -22"><span class='ocrx_word' id='word_1_95' title='bbox 330 1849 419 1928; x_wconf 91' lang='grc' dir='ltr'><strong><em>τούς.</em></strong></span> <span class='ocrx_word' id='word_1_96' title='bbox 439 1852 493 1917; x_wconf 82' lang='grc' dir='ltr'><strong><em>ιιαλ</em></strong></span> <span class='ocrx_word' id='word_1_97' title='bbox 503 1851 640 1936; x_wconf 75' lang='grc' dir='ltr'><strong><em>γελάσαι</em></strong></span> <span class='ocrx_word' id='word_1_98' title='bbox 651 1854 705 1919; x_wconf 83' lang='grc' dir='ltr'><strong><em>καί</em></strong></span> <span class='ocrx_word' id='word_1_99' title='bbox 715 1857 905 1938; x_wconf 77' lang='grc' dir='ltr'><strong><em>θορυβῆσαι</em></strong></span> <span class='ocrx_word' id='word_1_100' title='bbox 915 1859 972 1919; x_wconf 86' lang='grc' dir='ltr'><strong><em>καί</em></strong></span> <span class='ocrx_word' id='word_1_101' title='bbox 980 1848 1049 1919; x_wconf 89' lang='grc' dir='ltr'><strong><em>ποτ’</em></strong></span> <span class='ocrx_word' id='word_1_102' title='bbox 1062 1852 1192 1917; x_wconf 79' lang='grc' dir='ltr'><strong><em>ἐλπίσαι</em></strong></span> <span class='ocrx_word' id='word_1_103' title='bbox 1202 1873 1278 1935; x_wconf 86' lang='grc' dir='ltr'><strong><em>μετ-</em></strong></span> 
     </span>
     <span class='ocr_line' id='line_1_15' title="bbox 331 1944 1279 2036; baseline -0.004 -20"><span class='ocrx_word' id='word_1_104' title='bbox 331 1951 458 2016; x_wconf 83' lang='grc' dir='ltr'><strong><em>έδωκαν</em></strong></span> <span class='ocrx_word' id='word_1_105' title='bbox 469 1945 566 2033; x_wconf 80' lang='grc' dir='ltr'><strong><em>ὑμῖν,</em></strong></span> <span class='ocrx_word' id='word_1_106' title='bbox 587 1955 700 2035; x_wconf 79' lang='grc' dir='ltr'><strong><em>λαβεῖν</em></strong></span> <span class='ocrx_word' id='word_1_107' title='bbox 711 1944 779 2034; x_wconf 61' lang='lat' dir='ltr'><strong><em>ozi}</em></strong></span> <span class='ocrx_word' id='word_1_108' title='bbox 789 1949 974 2036; x_wconf 83' lang='grc' dir='ltr'><strong><em>κτήσασθαι</em></strong></span> <span class='ocrx_word' id='word_1_109' title='bbox 989 1955 1030 2036; x_wconf 79' lang='grc' dir='ltr'><strong><em>τῇ</em></strong></span> <span class='ocrx_word' id='word_1_110' title='bbox 1047 1947 1142 2014; x_wconf 89' lang='grc' dir='ltr'><strong><em>πόλει</em></strong></span> <span class='ocrx_word' id='word_1_111' title='bbox 1158 1953 1279 2030; x_wconf 79' lang='grc' dir='ltr'><strong><em>κυρίως</em></strong></span> 
     </span>
     <span class='ocr_line' id='line_1_16' title="bbox 332 2039 1279 2134; baseline -0.001 -21"><span class='ocrx_word' id='word_1_112' title='bbox 332 2043 465 2130; x_wconf 77' lang='grc' dir='ltr'><strong><em>ἀγαθὰν</em></strong></span> <span class='ocrx_word' id='word_1_113' title='bbox 475 2041 575 2114; x_wconf 74' lang='grc' dir='ltr'><strong><em>ούδὲυ</em></strong></span> <span class='ocrx_word' id='word_1_114' title='bbox 585 2040 630 2113; x_wconf 87' lang='grc' dir='ltr'><strong><em>ἀν</em></strong></span> <span class='ocrx_word' id='word_1_115' title='bbox 639 2047 823 2131; x_wconf 79' lang='grc' dir='ltr'><strong><em>βούλοιντο.</em></strong></span> <span class='ocrx_word' id='word_1_116' title='bbox 856 2039 953 2134; x_wconf 79' lang='grc' dir='ltr'><strong><em>ᾗγάρ</em></strong></span> <span class='ocrx_word' id='word_1_117' title='bbox 964 2044 1008 2115; x_wconf 88' lang='grc' dir='ltr'><strong><em>ἀν</em></strong></span> <span class='ocrx_word' id='word_1_118' title='bbox 1017 2043 1123 2134; x_wconf 79' lang='grc' dir='ltr'><strong><em>ἡμέρᾳ</em></strong></span> <span class='ocrx_word' id='word_1_119' title='bbox 1132 2053 1191 2133; x_wconf 84' lang='grc' dir='ltr'><strong><em>τῆς</em></strong></span> <span class='ocrx_word' id='word_1_120' title='bbox 1202 2051 1279 2112; x_wconf 86' lang='grc' dir='ltr'><strong><em>λίαν</em></strong></span> 
     </span>
     <span class='ocr_line' id='line_1_17' title="bbox 331 2141 1279 2234; baseline -0.001 -24"><span class='ocrx_word' id='word_1_121' title='bbox 331 2143 513 2229; x_wconf 90' lang='grc' dir='ltr'><strong><em>ἀρρωστίας</em></strong></span> <span class='ocrx_word' id='word_1_122' title='bbox 530 2141 754 2232; x_wconf 83' lang='grc' dir='ltr'><strong><em>ἀπαλλαγῆτε,</em></strong></span> <span class='ocrx_word' id='word_1_123' title='bbox 774 2146 879 2234; x_wconf 77' lang='grc' dir='ltr'><strong><em>ταύτῃ</em></strong></span> <span class='ocrx_word' id='word_1_124' title='bbox 894 2147 1033 2225; x_wconf 77' lang='grc' dir='ltr'><strong><em>τούτους</em></strong></span> <span class='ocrx_word' id='word_1_125' title='bbox 1049 2143 1123 2214; x_wconf 82' lang='grc' dir='ltr'><strong><em>οὐδ’</em></strong></span> <span class='ocrx_word' id='word_1_126' title='bbox 1136 2142 1279 2230; x_wconf 80' lang='grc' dir='ltr'><strong><em>ὁρῶντες</em></strong></span> 
     </span>
     <span class='ocr_line' id='line_1_18' title="bbox 203 2241 1278 2336; baseline 0.001 -27"><span class='ocrx_word' id='word_1_127' title='bbox 203 2242 207 2249; x_wconf 47' lang='lat'><strong>⁴</strong></span> <span class='ocrx_word' id='word_1_128' title='bbox 331 2242 497 2322; x_wconf 78' lang='grc' dir='ltr'><strong><em>ἀνέξεσθε.</em></strong></span> <span class='ocrx_word' id='word_1_129' title='bbox 514 2251 580 2311; x_wconf 86' lang='grc' dir='ltr'><strong><em>νύν</em></strong></span> <span class='ocrx_word' id='word_1_130' title='bbox 590 2242 626 2311; x_wconf 75' lang='grc' dir='ltr'><strong><em>δὲ</em></strong></span> <span class='ocrx_word' id='word_1_131' title='bbox 639 2246 766 2336; x_wconf 82' lang='grc' dir='ltr'><strong><em>δραχμῇ</em></strong></span> <span class='ocrx_word' id='word_1_132' title='bbox 775 2247 831 2312; x_wconf 84' lang='grc' dir='ltr'><strong><em>καὶ</em></strong></span> <span class='ocrx_word' id='word_1_133' title='bbox 843 2245 960 2330; x_wconf 84' lang='grc' dir='ltr'><strong><em>χοῒιιαὶ</em></strong></span> <span class='ocrx_word' id='word_1_134' title='bbox 970 2245 1139 2330; x_wconf 82' lang='grc' dir='ltr'><strong><em>τέτταρσιν</em></strong></span> <span class='ocrx_word' id='word_1_135' title='bbox 1149 2241 1278 2330; x_wconf 80' lang='grc' dir='ltr'><strong><em>ὀβολοῖς</em></strong></span> 
     </span>
     <span class='ocr_line' id='line_1_19' title="bbox 332 2338 1332 2429; baseline -0.006 -21"><span class='ocrx_word' id='word_1_136' title='bbox 332 2339 443 2427; x_wconf 76' lang='grc' dir='ltr'><strong><em>ὅσπερ</em></strong></span> <span class='ocrx_word' id='word_1_137' title='bbox 460 2339 670 2410; x_wconf 77' lang='grc' dir='ltr'><strong><em>ἀσθενοῦντα</em></strong></span> <span class='ocrx_word' id='word_1_138' title='bbox 688 2339 748 2410; x_wconf 79' lang='grc' dir='ltr'><strong><em>τὸν</em></strong></span> <span class='ocrx_word' id='word_1_139' title='bbox 763 2346 870 2429; x_wconf 82' lang='grc' dir='ltr'><strong><em>δῆμον</em></strong></span> <span class='ocrx_word' id='word_1_140' title='bbox 881 2341 1069 2428; x_wconf 79' lang='grc' dir='ltr'><strong><em>διάγουσιν,</em></strong></span> <span class='ocrx_word' id='word_1_141' title='bbox 1090 2338 1276 2426; x_wconf 88' lang='grc' dir='ltr'><strong><em>ὁμοιότατα,</em></strong></span> <span class='ocrx_word' id='word_1_142' title='bbox 1285 2346 1332 2403; x_wconf 68' lang='grc'><strong><em>146</em></strong></span> 
     </span>
     <span class='ocr_line' id='line_1_20' title="bbox 332 2431 1277 2527; baseline 0.001 -21"><span class='ocrx_word' id='word_1_143' title='bbox 332 2431 689 2527; x_wconf 77' lang='grc' dir='ltr'><strong><em>ύάυδρεςἈθηναῖοι,</em></strong></span> <span class='ocrx_word' id='word_1_144' title='bbox 712 2455 780 2519; x_wconf 87' lang='grc' dir='ltr'><strong><em>τοῖς</em></strong></span> <span class='ocrx_word' id='word_1_145' title='bbox 790 2439 880 2525; x_wconf 82' lang='grc' dir='ltr'><strong><em>παρά</em></strong></span> <span class='ocrx_word' id='word_1_146' title='bbox 890 2449 958 2509; x_wconf 77' lang='grc' dir='ltr'><strong><em>τῶν</em></strong></span> <span class='ocrx_word' id='word_1_147' title='bbox 969 2446 1092 2525; x_wconf 69' lang='grc' dir='ltr'><strong><em>ίατροῖυ</em></strong></span> <span class='ocrx_word' id='word_1_148' title='bbox 1103 2445 1217 2519; x_wconf 88' lang='grc' dir='ltr'><strong><em>σιτίοις</em></strong></span> <span class='ocrx_word' id='word_1_149' title='bbox 1228 2445 1277 2508; x_wconf 64' lang='grc' dir='ltr'><strong><em>δν</em></strong></span> 
     </span>
     <span class='ocr_line' id='line_1_21' title="bbox 332 2536 1279 2626; baseline 0 -22"><span class='ocrx_word' id='word_1_150' title='bbox 332 2536 542 2624; x_wconf 82' lang='grc' dir='ltr'><strong><em>δόντεςὺμῖν.</em></strong></span> <span class='ocrx_word' id='word_1_151' title='bbox 571 2541 630 2608; x_wconf 80' lang='grc' dir='ltr'><strong><em>καί</em></strong></span> <span class='ocrx_word' id='word_1_152' title='bbox 637 2537 701 2626; x_wconf 86' lang='grc' dir='ltr'><strong><em>γάρ</em></strong></span> <span class='ocrx_word' id='word_1_153' title='bbox 712 2542 821 2606; x_wconf 78' lang='grc' dir='ltr'><strong><em>ἐκεῖνα</em></strong></span> <span class='ocrx_word' id='word_1_154' title='bbox 831 2537 904 2606; x_wconf 79' lang='grc' dir='ltr'><strong><em>οὔτ’</em></strong></span> <span class='ocrx_word' id='word_1_155' title='bbox 916 2537 1012 2624; x_wconf 87' lang='grc' dir='ltr'><strong><em>ίσχύν</em></strong></span> <span class='ocrx_word' id='word_1_156' title='bbox 1021 2541 1193 2625; x_wconf 76' lang='grc' dir='ltr'><strong><em>ἐντίθησιν</em></strong></span> <span class='ocrx_word' id='word_1_157' title='bbox 1201 2537 1279 2618; x_wconf 77' lang='grc' dir='ltr'><strong><em>οὔτε</em></strong></span> 
     </span>
     <span class='ocr_line' id='line_1_22' title="bbox 331 2633 1279 2726; baseline 0.003 -25"><span class='ocrx_word' id='word_1_158' title='bbox 331 2633 560 2725; x_wconf 78' lang='grc' dir='ltr'><strong><em>ἀποθνήσκειν</em></strong></span> <span class='ocrx_word' id='word_1_159' title='bbox 576 2641 630 2726; x_wconf 77' lang='grc' dir='ltr'><strong><em>ἐᾷ·</em></strong></span> <span class='ocrx_word' id='word_1_160' title='bbox 653 2639 708 2705; x_wconf 83' lang='grc' dir='ltr'><strong><em>ναί</em></strong></span> <span class='ocrx_word' id='word_1_161' title='bbox 724 2645 828 2705; x_wconf 82' lang='grc' dir='ltr'><strong><em>ταῦτα</em></strong></span> <span class='ocrx_word' id='word_1_162' title='bbox 845 2635 919 2704; x_wconf 77' lang='grc' dir='ltr'><strong><em>οὔτ’</em></strong></span> <span class='ocrx_word' id='word_1_163' title='bbox 936 2634 1144 2721; x_wconf 77' lang='grc' dir='ltr'><strong><em>ἀπογνόντας</em></strong></span> <span class='ocrx_word' id='word_1_164' title='bbox 1155 2635 1237 2704; x_wconf 83' lang='grc' dir='ltr'><strong><em>ἀλλο</em></strong></span> <span class='ocrx_word' id='word_1_165' title='bbox 1248 2662 1279 2704; x_wconf 88' lang='grc' dir='ltr'><strong><em>τι</em></strong></span> 
     </span>
     <span class='ocr_line' id='line_1_23' title="bbox 330 2731 1182 2823; baseline 0.001 -22"><span class='ocrx_word' id='word_1_166' title='bbox 330 2740 441 2818; x_wconf 80' lang='grc' dir='ltr'><strong><em>μεῖζον</em></strong></span> <span class='ocrx_word' id='word_1_167' title='bbox 452 2736 608 2820; x_wconf 88' lang='grc' dir='ltr'><strong><em>πράττειν</em></strong></span> <span class='ocrx_word' id='word_1_168' title='bbox 618 2737 658 2823; x_wconf 75' lang='grc' dir='ltr'><strong><em>ἐᾷ</em></strong></span> <span class='ocrx_word' id='word_1_169' title='bbox 664 2784 674 2819; x_wconf 91' lang='grc'><strong><em>,</em></strong></span> <span class='ocrx_word' id='word_1_170' title='bbox 687 2732 764 2801; x_wconf 86' lang='grc' dir='ltr'><strong><em>ούτε</em></strong></span> <span class='ocrx_word' id='word_1_171' title='bbox 774 2731 860 2801; x_wconf 87' lang='grc' dir='ltr'><strong><em>αύτά</em></strong></span> <span class='ocrx_word' id='word_1_172' title='bbox 871 2737 1022 2820; x_wconf 76' lang='grc' dir='ltr'><strong><em>ἐξαρκεῖν</em></strong></span> <span class='ocrx_word' id='word_1_173' title='bbox 1032 2732 1182 2802; x_wconf 88' lang='grc' dir='ltr'><strong><em>δύναται.</em></strong></span> 
     </span>
    </p>

    <p class='ocr_par' dir='ltr' id='par_1_3' title="bbox 322 2921 1280 3804">
     <span class='ocr_line' id='line_1_24' title="bbox 412 2921 1280 3016; baseline 0.002 -21"><span class='ocrx_word' id='word_1_174' title='bbox 412 2931 478 2996; x_wconf 80' lang='grc' dir='ltr'><strong><em>Καί</em></strong></span> <span class='ocrx_word' id='word_1_175' title='bbox 494 2933 638 3014; x_wconf 84' lang='grc' dir='ltr'><strong><em>δίκαιον,</em></strong></span> <span class='ocrx_word' id='word_1_176' title='bbox 661 2921 690 2996; x_wconf 69' lang='grc' dir='ltr'><strong><em>ω’</em></strong></span> <span class='ocrx_word' id='word_1_177' title='bbox 706 2927 1017 3016; x_wconf 77' lang='grc' dir='ltr'><strong><em>ἀνδρεςἉθηυαῑοι,</em></strong></span> <span class='ocrx_word' id='word_1_178' title='bbox 1039 2930 1094 2997; x_wconf 82' lang='grc' dir='ltr'><strong><em>καὶ</em></strong></span> <span class='ocrx_word' id='word_1_179' title='bbox 1106 2929 1215 2999; x_wconf 82' lang='grc' dir='ltr'><strong><em>καλὸν</em></strong></span> <span class='ocrx_word' id='word_1_180' title='bbox 1225 2932 1280 2999; x_wconf 83' lang='grc' dir='ltr'><strong><em>καῖ</em></strong></span> 
     </span>
     <span class='ocr_line' id='line_1_25' title="bbox 329 3025 1278 3121; baseline 0.001 -26"><span class='ocrx_word' id='word_1_181' title='bbox 329 3031 526 3121; x_wconf 84' lang='grc' dir='ltr'><strong><em>σπουδαῖον,</em></strong></span> <span class='ocrx_word' id='word_1_182' title='bbox 546 3025 630 3111; x_wconf 81' lang='grc' dir='ltr'><strong><em>ὅπερ</em></strong></span> <span class='ocrx_word' id='word_1_183' title='bbox 648 3025 742 3114; x_wconf 83' lang='grc' dir='ltr'><strong><em>ὑμεῖς</em></strong></span> <span class='ocrx_word' id='word_1_184' title='bbox 758 3028 915 3116; x_wconf 79' lang='grc' dir='ltr'><strong><em>είύθατε,</em></strong></span> <span class='ocrx_word' id='word_1_185' title='bbox 936 3031 991 3097; x_wconf 80' lang='grc' dir='ltr'><strong><em>καί</em></strong></span> <span class='ocrx_word' id='word_1_186' title='bbox 1006 3026 1092 3114; x_wconf 79' lang='grc' dir='ltr'><strong><em>ἡμᾶς</em></strong></span> <span class='ocrx_word' id='word_1_187' title='bbox 1108 3043 1278 3115; x_wconf 83' lang='grc' dir='ltr'><strong><em>προνοεῖν,</em></strong></span> 
     </span>
     <span class='ocr_line' id='line_1_26' title="bbox 329 3119 1278 3214; baseline 0.001 -21"><span class='ocrx_word' id='word_1_188' title='bbox 329 3125 420 3204; x_wconf 84' lang='grc' dir='ltr'><strong><em>ὅπως</em></strong></span> <span class='ocrx_word' id='word_1_189' title='bbox 430 3126 470 3193; x_wconf 89' lang='grc' dir='ltr'><strong><em>τά</em></strong></span> <span class='ocrx_word' id='word_1_190' title='bbox 482 3123 565 3210; x_wconf 82' lang='grc' dir='ltr'><strong><em>πρὸς</em></strong></span> <span class='ocrx_word' id='word_1_191' title='bbox 574 3124 653 3205; x_wconf 85' lang='grc' dir='ltr'><strong><em>τούς</em></strong></span> <span class='ocrx_word' id='word_1_192' title='bbox 663 3124 767 3205; x_wconf 77' lang='grc' dir='ltr'><strong><em>θεούς</em></strong></span> <span class='ocrx_word' id='word_1_193' title='bbox 775 3125 921 3214; x_wconf 71' lang='grc' dir='ltr'><strong><em>εύσεβοῐς</em></strong></span> <span class='ocrx_word' id='word_1_194' title='bbox 928 3128 998 3206; x_wconf 73' lang='grc' dir='ltr'><strong><em>ἕξει.</em></strong></span> <span class='ocrx_word' id='word_1_195' title='bbox 1019 3119 1278 3214; x_wconf 74' lang='grc' dir='ltr'><strong><em>ἡμὲνούνημε-</em></strong></span> 
     </span>
     <span class='ocr_line' id='line_1_27' title="bbox 327 3222 1278 3311; baseline 0.003 -21"><span class='ocrx_word' id='word_1_196' title='bbox 327 3227 405 3305; x_wconf 85' lang='grc' dir='ltr'><strong><em>τέρα</em></strong></span> <span class='ocrx_word' id='word_1_197' title='bbox 416 3224 555 3308; x_wconf 83' lang='grc' dir='ltr'><strong><em>γέγονεν</em></strong></span> <span class='ocrx_word' id='word_1_198' title='bbox 566 3226 729 3310; x_wconf 83' lang='grc' dir='ltr'><strong><em>ἐπιμέλεια</em></strong></span> <span class='ocrx_word' id='word_1_199' title='bbox 739 3222 820 3310; x_wconf 80' lang='grc' dir='ltr'><strong><em>ύμῖν</em></strong></span> <span class='ocrx_word' id='word_1_200' title='bbox 832 3230 877 3304; x_wconf 84' lang='grc' dir='ltr'><strong><em>είς</em></strong></span> <span class='ocrx_word' id='word_1_201' title='bbox 886 3227 978 3293; x_wconf 79' lang='grc' dir='ltr'><strong><em>δέον·</em></strong></span> <span class='ocrx_word' id='word_1_202' title='bbox 1006 3228 1059 3294; x_wconf 79' lang='grc' dir='ltr'><strong><em>καί</em></strong></span> <span class='ocrx_word' id='word_1_203' title='bbox 1071 3226 1135 3311; x_wconf 82' lang='grc' dir='ltr'><strong><em>γὰρ</em></strong></span> <span class='ocrx_word' id='word_1_204' title='bbox 1147 3227 1278 3294; x_wconf 76' lang='grc' dir='ltr'><strong><em>ἐδύσα-</em></strong></span> 
     </span>
     <span class='ocr_line' id='line_1_28' title="bbox 327 3317 1278 3412; baseline 0.005 -25"><span class='ocrx_word' id='word_1_205' title='bbox 327 3346 389 3404; x_wconf 91' lang='grc' dir='ltr'><strong><em>μεν</em></strong></span> <span class='ocrx_word' id='word_1_206' title='bbox 400 3329 446 3409; x_wconf 74' lang='grc' dir='ltr'><strong><em>τῷ</em></strong></span> <span class='ocrx_word' id='word_1_207' title='bbox 456 3323 514 3389; x_wconf 83' lang='grc' dir='ltr'><strong><em>Διὶ</em></strong></span> <span class='ocrx_word' id='word_1_208' title='bbox 524 3328 571 3412; x_wconf 76' lang='grc' dir='ltr'><strong><em>τῷ</em></strong></span> <span class='ocrx_word' id='word_1_209' title='bbox 581 3331 704 3410; x_wconf 76' lang='grc' dir='ltr'><strong><em>σωτῆρι</em></strong></span> <span class='ocrx_word' id='word_1_210' title='bbox 714 3326 769 3392; x_wconf 80' lang='grc' dir='ltr'><strong><em>καί</em></strong></span> <span class='ocrx_word' id='word_1_211' title='bbox 778 3332 820 3412; x_wconf 77' lang='grc' dir='ltr'><strong><em>τῇ</em></strong></span> <span class='ocrx_word' id='word_1_212' title='bbox 831 3317 959 3412; x_wconf 72' lang='grc' dir='ltr'><strong><em>Ἀθηνᾷ</em></strong></span> <span class='ocrx_word' id='word_1_213' title='bbox 974 3326 1029 3392; x_wconf 83' lang='grc' dir='ltr'><strong><em>καὶ</em></strong></span> <span class='ocrx_word' id='word_1_214' title='bbox 1045 3331 1085 3409; x_wconf 78' lang='grc' dir='ltr'><strong><em>τῇ</em></strong></span> <span class='ocrx_word' id='word_1_215' title='bbox 1097 3330 1205 3411; x_wconf 80' lang='grc' dir='ltr'><strong><em>Νίκη,</em></strong></span> <span class='ocrx_word' id='word_1_216' title='bbox 1222 3327 1278 3392; x_wconf 82' lang='grc' dir='ltr'><strong><em>καῖ</em></strong></span> 
     </span>
     <span class='ocr_line' id='line_1_29' title="bbox 327 3416 1278 3509; baseline 0.005 -25"><span class='ocrx_word' id='word_1_217' title='bbox 327 3420 443 3502; x_wconf 80' lang='grc' dir='ltr'><strong><em>γέγονε</em></strong></span> <span class='ocrx_word' id='word_1_218' title='bbox 455 3417 539 3491; x_wconf 81' lang='grc' dir='ltr'><strong><em>καλοὶ</em></strong></span> <span class='ocrx_word' id='word_1_219' title='bbox 549 3422 605 3488; x_wconf 83' lang='grc' dir='ltr'><strong><em>καὶ</em></strong></span> <span class='ocrx_word' id='word_1_220' title='bbox 616 3416 762 3509; x_wconf 82' lang='grc' dir='ltr'><strong><em>σωτήρια</em></strong></span> <span class='ocrx_word' id='word_1_221' title='bbox 770 3421 867 3490; x_wconf 79' lang='grc' dir='ltr'><strong><em>ταῦθ’</em></strong></span> <span class='ocrx_word' id='word_1_222' title='bbox 880 3421 962 3508; x_wconf 86' lang='grc' dir='ltr'><strong><em>ύμῖν</em></strong></span> <span class='ocrx_word' id='word_1_223' title='bbox 978 3424 1019 3490; x_wconf 88' lang='grc' dir='ltr'><strong><em>τά</em></strong></span> <span class='ocrx_word' id='word_1_224' title='bbox 1035 3422 1115 3506; x_wconf 88' lang='grc' dir='ltr'><strong><em>ίερά.</em></strong></span> <span class='ocrx_word' id='word_1_225' title='bbox 1149 3423 1278 3491; x_wconf 80' lang='grc' dir='ltr'><strong><em>ἐθύσα-</em></strong></span> 
     </span>
     <span class='ocr_line' id='line_1_30' title="bbox 326 3516 1279 3610; baseline 0.006 -28"><span class='ocrx_word' id='word_1_226' title='bbox 326 3540 390 3601; x_wconf 88' lang='grc' dir='ltr'><strong><em>μεν</em></strong></span> <span class='ocrx_word' id='word_1_227' title='bbox 407 3516 442 3582; x_wconf 74' lang='grc' dir='ltr'><strong><em>δὲ</em></strong></span> <span class='ocrx_word' id='word_1_228' title='bbox 458 3520 513 3585; x_wconf 80' lang='grc' dir='ltr'><strong><em>καὶ</em></strong></span> <span class='ocrx_word' id='word_1_229' title='bbox 528 3526 569 3605; x_wconf 72' lang='grc' dir='ltr'><strong><em>τῇ</em></strong></span> <span class='ocrx_word' id='word_1_230' title='bbox 585 3526 709 3588; x_wconf 63' lang='grc' dir='ltr'><strong><em>Πειθοῖ</em></strong></span> <span class='ocrx_word' id='word_1_231' title='bbox 722 3522 776 3588; x_wconf 82' lang='grc' dir='ltr'><strong><em>καὶ</em></strong></span> <span class='ocrx_word' id='word_1_232' title='bbox 792 3527 832 3609; x_wconf 81' lang='grc' dir='ltr'><strong><em>τῇ</em></strong></span> <span class='ocrx_word' id='word_1_233' title='bbox 844 3523 957 3607; x_wconf 80' lang='grc' dir='ltr'><strong><em>Μητρὶ</em></strong></span> <span class='ocrx_word' id='word_1_234' title='bbox 976 3528 1044 3590; x_wconf 75' lang='grc' dir='ltr'><strong><em>τῶν</em></strong></span> <span class='ocrx_word' id='word_1_235' title='bbox 1058 3529 1151 3588; x_wconf 74' lang='grc' dir='ltr'><strong><em>θεῶν</em></strong></span> <span class='ocrx_word' id='word_1_236' title='bbox 1162 3523 1220 3589; x_wconf 82' lang='grc' dir='ltr'><strong><em>καί</em></strong></span> <span class='ocrx_word' id='word_1_237' title='bbox 1231 3524 1279 3610; x_wconf 71' lang='grc' dir='ltr'><strong><em>τῷ</em></strong></span> 
     </span>
     <span class='ocr_line' id='line_1_31' title="bbox 322 3611 1277 3707; baseline 0.004 -26"><span class='ocrx_word' id='word_1_238' title='bbox 322 3612 512 3696; x_wconf 80' lang='grc' dir='ltr'><strong><em>Ἀπόλλωνι,</em></strong></span> <span class='ocrx_word' id='word_1_239' title='bbox 520 3618 574 3684; x_wconf 84' lang='grc' dir='ltr'><strong><em>καὶ</em></strong></span> <span class='ocrx_word' id='word_1_240' title='bbox 584 3619 839 3707; x_wconf 84' lang='grc' dir='ltr'><strong><em>εἰιαλλιερούμεν</em></strong></span> <span class='ocrx_word' id='word_1_241' title='bbox 847 3620 901 3687; x_wconf 83' lang='grc' dir='ltr'><strong><em>καί</em></strong></span> <span class='ocrx_word' id='word_1_242' title='bbox 911 3626 1022 3686; x_wconf 82' lang='grc' dir='ltr'><strong><em>ταῦτα.</em></strong></span> <span class='ocrx_word' id='word_1_243' title='bbox 1035 3611 1078 3704; x_wconf 78' lang='grc' dir='ltr'><strong><em>ἦν</em></strong></span> <span class='ocrx_word' id='word_1_244' title='bbox 1089 3617 1120 3686; x_wconf 90' lang='grc' dir='ltr'><strong><em>δ’</em></strong></span> <span class='ocrx_word' id='word_1_245' title='bbox 1129 3614 1211 3704; x_wconf 78' lang='grc' dir='ltr'><strong><em>ὑμῖν</em></strong></span> <span class='ocrx_word' id='word_1_246' title='bbox 1222 3619 1277 3686; x_wconf 81' lang='grc' dir='ltr'><strong><em>καλ</em></strong></span> 
     </span>
     <span class='ocr_line' id='line_1_32' title="bbox 324 3709 1275 3804; baseline 0.008 -27"><span class='ocrx_word' id='word_1_247' title='bbox 324 3709 364 3778; x_wconf 85' lang='grc' dir='ltr'><strong><em>τά</em></strong></span> <span class='ocrx_word' id='word_1_248' title='bbox 375 3726 443 3790; x_wconf 86' lang='grc' dir='ltr'><strong><em>τοῖς</em></strong></span> <span class='ocrx_word' id='word_1_249' title='bbox 453 3709 565 3792; x_wconf 88' lang='grc' dir='ltr'><strong><em>ἀλλοις</em></strong></span> <span class='ocrx_word' id='word_1_250' title='bbox 580 3724 672 3794; x_wconf 77' lang='grc' dir='ltr'><strong><em>θεοῖς</em></strong></span> <span class='ocrx_word' id='word_1_251' title='bbox 688 3721 834 3786; x_wconf 75' lang='grc' dir='ltr'><strong><em>τυθέυτα</em></strong></span> <span class='ocrx_word' id='word_1_252' title='bbox 850 3716 923 3804; x_wconf 87' lang='grc' dir='ltr'><strong><em>ίερά</em></strong></span> <span class='ocrx_word' id='word_1_253' title='bbox 941 3716 1075 3804; x_wconf 79' lang='grc' dir='ltr'><strong><em>ἀσφαλῆ</em></strong></span> <span class='ocrx_word' id='word_1_254' title='bbox 1090 3718 1146 3785; x_wconf 84' lang='grc' dir='ltr'><strong><em>καὶ</em></strong></span> <span class='ocrx_word' id='word_1_255' title='bbox 1156 3721 1275 3804; x_wconf 84' lang='grc' dir='ltr'><strong><em>βέβαια</em></strong></span> 
     </span>
    </p>
   </div>
   <div class='ocr_carea' id='block_1_3' title="bbox 0 0 1584 4409">
    <p class='ocr_par' dir='ltr' id='par_1_4' title="bbox 0 0 1584 4409">
     <span class='ocr_line' id='line_1_33' title="bbox 0 0 1584 4409; baseline 0 2"><span class='ocrx_word' id='word_1_256' title='bbox 0 0 1584 4409; x_wconf 95' lang='lat' dir='ltr'><strong><em> </em></strong></span> 
     </span>
    </p>
   </div>
  </div>
 </body>
</html>
