3159 4409
306 477 369 541 κου
520 479 584 536 ιιι.
615 472 1031 537 ΔΗΜοεοεΝονε
1084 547 1086 551 ,

306 627 399 706 οὗτοι
408 636 470 722 την
480 633 622 724 ἡμέραν,
642 631 896 718 ἐπειδήτάχιστα
907 629 1136 719 ἀριστήσαιεν,
1156 629 1253 718 ὅλην,

307 737 362 803 καὶ
372 731 479 818 τοῦθ’,
491 735 552 813 ἕως
562 756 623 817 περ
634 725 718 817 ἦμεν
728 732 779 798 ἐπὶ
789 738 831 816 τῇ
842 738 987 819 φρουρᾷ,
999 733 1166 797 διετέλουν
1176 754 1255 797 τιον·

306 841 429 910 οῦντες.
461 829 553 918 ἡμεῖς
575 828 606 897 δ’
620 828 729 912 ῶσπερ
740 827 859 896 ἐνθάδ’
870 829 1053 914 είῶθαμευ,
1077 827 1255 912 οὕτωδιή-

280 950 409 1018 εγομεν
429 932 485 997 καὶ
506 934 573 1008 ἔξω.
605 925 648 1013 ἢν
668 919 731 994 οὖν
752 931 1032 994 δειπνοποιεῖσθαι
1052 939 1120 1004 τοῖς
1142 924 1255 1003 ἀλλοις

308 1029 399 1115 ῶραν
411 1033 604 1112 συμβαίνοι,
620 1024 744 1110 ταύτην
755 1020 799 1092 ἀν
809 1023 872 1110 ἤδη
884 1025 1079 1113 ἐπαρῴνουν
1091 1015 1201 1108 οὗτοι,
1211 1021 1251 1091 τά

307 1128 368 1214 μὲν
376 1121 480 1195 πολλά
493 1129 538 1203 εἰς
549 1121 628 1202 τούς
637 1127 755 1202 παῖδας
765 1120 862 1209 ἡμῶν
872 1120 950 1200 τούς
960 1120 1187 1204 ἀκολούθους,
1198 1147 1251 1188 τε·

307 1232 485 1301 λεντῶντες
496 1221 531 1288 δὲ
542 1223 596 1289 καὶ
607 1219 893 1307 είςὴμάςαύτούς·
921 1221 1086 1307 φήσαντες
1104 1219 1169 1306 γάρ
1186 1246 1251 1288 κα-

308 1328 432 1404 πνίζειν
448 1318 570 1399 αύτούς
590 1317 873 1406 ὀψοποιουμένους
888 1318 967 1398 τούς
982 1323 1099 1398 παῖδας
1110 1315 1253 1405 ἦκακῶς

307 1427 416 1508 λέγειν
436 1419 458 1490 ό
474 1447 505 1488 τι
516 1419 663 1506 τύχοιεν,
686 1426 827 1489 ἔτυπτον
837 1422 891 1486 καλ
900 1416 959 1497 τάς
968 1415 1085 1504 ἀμίδας
1095 1439 1252 1486 κατεσκε·

308 1522 455 1590 δάννυου
473 1523 528 1589 καί
544 1519 774 1607 προσεούρουν
791 1521 847 1587 καὶ
864 1516 1034 1603 ἀσελγείας
1050 1519 1104 1584 καὶ
1122 1514 1251 1602 ὕβρεως

233 1704 236 1709 ¹
308 1618 381 1689 οὐδ’
395 1619 509 1688 ὁτιοῦν
531 1618 717 1688 ἀπέλειπον.
751 1617 894 1705 ὁρῶντες
916 1615 946 1683 δ’
966 1614 1058 1701 ἡμεῖς
1077 1622 1180 1683 ταῦτα
1197 1616 1250 1683 καὶ

309 1720 510 1804 λυπούμενοι
536 1719 573 1787 τδ
601 1722 662 1803 μὲν
689 1725 822 1803 πρῶτον
849 1713 1128 1800 ἀπεπεμψάμεθα,
1152 1709 1198 1792 ῶς
1217 1709 1248 1780 δ’

308 1816 478 1902 ἐχλεύαζον
499 1814 584 1901 ἡμᾶς
603 1818 658 1883 καὶ
675 1812 738 1882 ούκ
759 1812 932 1900 ἐπαύοντο,
954 1819 1000 1902 τῷ
1022 1819 1193 1902 στρατηγῶ
1212 1809 1248 1879 τὸ

308 1922 442 1998 πράγμα
453 1924 585 1998 εῖπομεν
596 1922 693 2000 κοινῇ
703 1913 823 1990 πάντες
839 1916 873 1979 οί
881 1913 1031 1980 σύσσιτοι
1042 1910 1250 1995 προσελθόνὲ

284 2037 370 2097 ετες,
382 2008 517 2095 οὐκέγῶ
528 2017 595 2077 τῶν
604 2009 714 2078 άλλων
725 2017 794 2090 ἔξω.
823 2015 1076 2096 λοιδορηθέντος
1094 2009 1125 2078 δ’
1141 2007 1251 2087 αὐτοῖς

310 2114 437 2179 ἐκείνου
453 2110 508 2176 καὶ
523 2116 717 2187 κακίσαντος
734 2105 858 2187 αὐτούς
874 2106 916 2176 ού
933 2109 1038 2194 μόνον
1054 2112 1129 2190 περὶ
1142 2099 1191 2175 ῶν
1206 2111 1251 2185 είς

308 2206 394 2295 ἡμάς
408 2205 621 2293 ἠσέλγαινον,
644 2205 727 2276 ἀλλά
746 2210 889 2291 καὶπερὶ
909 2200 958 2275 ῶν
975 2206 1060 2286 όλως
1069 2211 1204 2275 ἐποίουν
1214 2209 1250 2275 ἐν

309 2308 591 2396 τῷστρατοπέδῳ,
613 2307 775 2390 τοσούτου
793 2310 931 2393 ε’δέησαν
941 2308 1134 2375 παύσασθαι
1154 2303 1178 2392 ἦ
1199 2311 1251 2373 αῖ-

311 2411 499 2492 σχυνθῆναι
517 2402 588 2474 ὥστ’
594 2457 603 2491 ,
617 2405 726 2491 ἐπειδὴ
739 2413 866 2473 θάττον
876 2407 1133 2492 συνεσκότασεν,
1145 2401 1251 2482 εὐθύς

311 2501 355 2583 ῶς
370 2501 456 2591 ἡμᾶς
477 2505 696 2590 εἰσεπήδησαν
716 2503 819 2591 ταύτῃ
839 2513 881 2591 τῇ
902 2509 1038 2593 ἑσπέρα,
1061 2507 1116 2572 καί
1130 2502 1167 2571 τό
1191 2500 1312 2588 μὲνιλῖδ

310 2610 441 2687 πρῶτον
451 2610 561 2681 κακῶς
571 2608 694 2687 ἔλεγον,
706 2611 918 2681 τελευτῶντες
929 2603 965 2671 δὲ
976 2606 1029 2670 καὶ
1040 2600 1168 2688 πληγάς
1179 2604 1250 2688 ἕνεί,
1277 2678 1281 2683 ,

310 2725 421 2766 τειναν
432 2702 517 2783 ἐμοὶ,
538 2703 592 2767 καὶ
604 2701 770 2785 τοσαύτην
787 2701 938 2787 κραυγὴν
949 2702 1003 2768 καὶ
1012 2701 1167 2786 θόρυβον
1178 2702 1252 2784 περὶ

309 2795 370 2882 τὴν
390 2795 516 2881 σκηνὴν
538 2800 694 2883 ἐποίησαν
721 2796 804 2866 ῶστε
829 2801 884 2867 καὶ
910 2799 970 2867 τόν
991 2797 1176 2886 στρατηγόν
1198 2802 1253 2867 καὶ

308 2892 387 2973 τούς
397 2895 587 2980 ταξιάρχους
600 2899 710 2964 ἐλθεῖν
721 2899 853 2978 καὶτῶν
865 2897 975 2965 ἀλλων
985 2903 1193 2980 στρατιωτῶν
1203 2924 1254 2963 τι-

310 2991 383 3076 νάς,
406 2996 498 3074 οἵπερ
519 2992 691 3062 ἐκώλυσαν
711 2995 814 3081 μηδὲν
829 2993 916 3081 ἡμᾶς
932 2993 1115 3083 ἀνήκεστον
1131 3005 1253 3063 παθεῖν

268 3156 272 3165 ,
311 3088 386 3173 μηδ’
411 3087 532 3168 αύτούς
552 3099 684 3177 ποιῆσαι
706 3097 989 3180 παροινουμένους
1014 3091 1080 3162 ύπδ
1103 3099 1251 3163 τουτωνί.

224 3225 227 3229 ·
283 3194 370 3252 6νού
392 3188 428 3256 δὲ
448 3188 636 3275 πράγματος
653 3198 700 3271 είς
716 3202 814 3261 τούτο
836 3194 1075 3280 προελθόντος,
1099 3191 1143 3272 ῶς
1164 3190 1252 3275 δεῦρ’

310 3285 555 3373 ἐπανήλθομεν,
568 3281 611 3374 ἦν
620 3286 709 3376 ἡμῖν,
723 3289 796 3359 οἷον
810 3291 908 3378 εἰκός,
920 3297 956 3361 ἐκ
967 3293 1094 3361 τούτων
1104 3290 1187 3378 όργὴ
1198 3294 1254 3358 καὶ
1313 3350 1316 3357 ,

310 3383 413 3462 ἔχθρα
424 3383 506 3467 πρὸς
516 3383 688 3473 ἀλλήλους.
723 3387 764 3457 ού
775 3388 844 3477 μὴν
854 3397 956 3475 ἔγωγε
973 3385 1068 3479 ᾤμην
1088 3394 1160 3459 δεῖν
1176 3387 1253 3458 οὔτε
1278 3385 1282 3391 ’

311 3482 407 3562 δίκην
423 3487 530 3563 λαχεῖν
549 3481 660 3564 αὐτοῖς
676 3485 753 3554 οὔτε
768 3487 871 3572 λόγον
891 3497 1057 3555 ποιεῖσθαι
1077 3496 1146 3555 τῶν
1166 3507 1253 3572 συμ-

310 3570 443 3661 βάντων
453 3574 583 3666 οὐδένα,
596 3580 663 3651 ἀλλ’
676 3589 782 3653 ἐκεῖνο
795 3582 907 3664 άπλῶς
920 3586 1076 3670 ἐγνῶκειν
1086 3583 1123 3654 τὸ
1136 3582 1255 3658 λοιπόν

311 3671 524 3761 εὐλαβεῖσθαι
539 3682 593 3748 καὶ
612 3683 840 3765 φυλάττεσθαι
856 3681 900 3769 μη
913 3683 1099 3769 πλησιάζειν
1109 3697 1176 3762 τοῖς
1185 3706 1255 3771 τοι·
