3159 4409
222 580 229 588 .
313 486 374 557 168
552 496 579 552 L.
614 491 1033 553 ΔΗΜΟΣΘΕΝΟἘΣ

312 654 429 742 βάταις
447 655 502 723 καὶ
519 660 560 751 τῇ
579 649 732 740 ῦπηρεσλ
720 676 742 717 α
761 613 932 771 χρήσοιτο
962 649 1071 772 οῦδεζς
1088 653 1154 739 γάρ
1173 651 1265 744 αὐτῷ

314 765 507 837 παραμενοῑ.
536 756 584 818 ἔτι
595 749 632 818 δὲ
648 749 732 834 πρὸς
745 748 892 871 τούτοις,
911 748 1010 818 ὁπότε
1020 777 1065 836 μη
1053 746 1223 872 διδοῦς’
1204 779 1264 837 αρ-

252 858 258 868 ’
313 854 434 941 χύριον
454 850 652 935 προστάττοι
670 857 782 935 πλελν,
806 847 869 916 οῦκ
891 857 1046 935 ἔμελλεν
1042 847 1132 936 αύτφ
1119 845 1262 932 άνάξε-

314 962 395 1020 σθαι
413 949 523 1033 ὥσπερ
539 945 620 1036 έχω,
644 945 728 1016 άλλά
747 948 924 1033 πράγματα
935 952 1097 1036 παρέξειν.
1133 948 1263 1034 πρόςδὲ

283 1081 288 1099 ¹
312 1076 419 1140 τουτο)
430 1055 609 1131 δανείζεται
619 1071 698 1133 παρ
705 1073 811 1115 αυτου
822 1072 999 1144 τριακοντα
1009 1075 1110 1134 μνας,
1123 1046 1259 1116 ὥστε
1219 1075 1263 1135 μη

267 1181 301 1234 45
313 1148 498 1236 ἀναγκάσαι
514 1154 719 1237 παραλαβεῖν
735 1148 798 1233 τήν
817 1154 913 1213 ναῦν.
945 1139 1027 1226 ἐξ
998 1173 1048 1215 ων
1063 1147 1100 1215 δέ
1118 1145 1261 1232 μάλιστά

311 1277 367 1337 μοι
380 1249 547 1335 ορχισθεὶς
554 1250 707 1334 ἐπηρέαζε
717 1247 771 1313 καὶ
782 1243 861 1313 οὐδὲ
872 1247 1001 1331 λόγον’
985 1245 1140 1314 εκάστοτε
1153 1247 1264 1314 ἐδίδου

315 1347 394 1417 οῦδὲ
413 1351 525 1433 περὶ
507 1347 597 1433 ενδς,
620 1347 784 1435 βούλομαι
800 1341 881 1430 ῦμιν
897 1351 1013 1430 σαφιός
1029 1345 1262 1432 διηγήσασθαι,

311 1451 346 1514 ἵν
345 1444 519 1535 ἐίδήτε”
498 1473 550 1515 οτι
570 1473 611 1514 ου
601 1444 707 1530 ’περὶ
728 1450 880 1523 πλείονος
903 1444 1086 1531 ἐποιούμην
1106 1442 1185 1513 οῦτε
1204 1442 1264 1532 τήν

313 1549 458 1632 ἐμαυτοῦ
472 1547 647 1636 βμστύυην
657 1549 695 1613 έν
707 1547 822 1634 ἐκείνῳ
832 1552 880 1633 τῷ
890 1545 1001 1632 χρόνῳ
1013 1543 1092 1612 οῦτε
1104 1542 1169 1632 τήν
1179 1548 1262 1613 ἐκεί·

312 1672 376 1713 νου
387 1646 501 1733 βιόμην
513 1654 575 1713 τοῦ
592 1647 701 1732 δήμου
713 1652 774 1713 τοῦ
792 1642 981 1730 Ἀθηναίων
991 1647 1045 1712 καὶ
1058 1651 1127 1725 τχῦυ
1136 1644 1261 1731 νόμων,

312 1741 380 1810 άλλ’
393 1743 572 1829 ἠνειχόμην
591 1745 646 1812 καὶ
663 1749 748 1832 ἔρχφ
768 1742 989 1829 ἀδικούμενος
1004 1745 1059 1811 καὶ
1075 1744 1166 1834 λόχφ
1178 1767 1261 1828 προ·

314 1841 578 1927 πηλακιζόμενος,
591 1838 732 1933 άπολλῷ
746 1866 802 1926 μοι
820 1843 988 1929 βαρύτεροι
998 1836 1042 1929 ήν
1051 1851 1120 1910 τοῦν
1131 1840 1262 1931 άναλει-

267 1971 302 2026 45
312 1940 435 2026 μάτων.
469 1937 513 2019 ὡς
523 1940 587 2026 γάρ
601 1944 638 2008 έν
649 1942 750 2030 Θάσῳ
767 1944 930 2028 διατριβαὶ
946 1950 1008 2010 τοῦ
1024 1949 1188 2011 ναυτικοῦ
1197 1946 1262 2027 ἐγί-

311 2064 443 2123 γνοντο,
456 2036 641 2125 άφικνεϊται
651 2042 687 2107 ἐκ
698 2039 871 2126 Μεθώνης
882 2047 940 2126 τής
950 2045 1163 2119 Μακεδονίας
1174 2037 1262 2126 ῦπη-
1294 2064 1304 2093 x

221 2152 224 2157 '
314 2137 444 2221 ρετικδν
471 2143 517 2217 εἰς
536 2137 650 2205 Θάσον
674 2136 757 2223 άγον
777 2137 885 2225 άνδρα
903 2141 957 2205 καὶ
979 2135 1151 2217 ἐπιστολάς
1172 2137 1260 2223 παρά

201 2302 205 2315 ,
312 2236 563 2322 Καλλιστράτου
574 2235 619 2317 ῦς
635 2238 839 2324 Τιμόμαχον,
867 2231 964 2315 έυαῖς
980 2231 1038 2323 ήν,
1060 2234 1309 2323 άςιῦστερουιλλ

314 2331 378 2421 ἐμω
389 2341 472 2403 ταῦτ
469 2332 678 2457 ’έπυθόμην,
691 2334 981 2459 άποπέμήαιαύτφ
990 2336 1113 2456 τριήρη
1117 2334 1179 2422 τήν
1189 2335 1262 2420 604-

315 2453 375 2501 στα
388 2439 607 2521 πλέουσαν,“
593 2463 626 2504 ιν
626 2433 843 2563 ’άφίκηται’
821 2463 865 2516 ως
882 2433 995 2503 αὐτόν.
1030 2431 1135 2512 εύθῦς
1148 2459 1213 2501 ουν
1223 2459 1262 2521 τη

315 2528 473 2623 ῦστεράέα
490 2535 558 2625 άμα
569 2544 610 2623 τή
621 2534 728 2624 ήμέρα
746 2532 941 2621 όῦπηρέτης
958 2531 1069 2601 έλθων
1082 2534 1216 2654 ἐκέλευέ
1219 2559 1262 2655 με

313 2731 487 2820 άναβαίνει
496 2732 718 2813 Κάλλιπποςε
704 2762 723 2803 ο
732 2731 913 2813 Φι’λοινος“
897 2760 914 2801 ο
929 2730 1098 2813 Αἰξωνεύς
1107 2733 1164 2800 καὶ
1174 2731 1264 2817 φρά-

312 2838 358 2912 ζει
374 2832 456 2917 πρὸς
472 2832 534 2901 τὸν
550 2834 759 2920 κυβερνήτην
775 2830 836 2900 τόν
853 2833 905 2899 ἐπὶ
922 2835 1135 2908 Μακεδονίας
1156 2837 1268 2898 πλοῦν.

312 2939 417 2999 πλεῖν.Ι
449 2930 560 3018 ἐπειδή
579 2931 610 2999 δ’
624 2930 816 3020 ἀφικόμεθα
832 2938 877 3011 εἰς
887 2942 1046 3019 χωρίοντι
1056 2932 1144 3018 ἐντή
1154 2927 1264 3021 άπανῇ

310 3031 408 3117 τικρῦ
419 3030 553 3123 ήπείρφ,
568 3039 701 3101 Θασίων
713 3034 882 3119 ἐμπόριον,
898 3033 953 3099 καὶ
964 3030 1119 3116 ἐκβάντες
1127 3027 1284 3114 ήριστο·“

311 3129 516 3217 ποιούμεθα,
542 3136 760 3218 προσέρχεταί
771 3160 828 3219 μοι
845 3140 913 3200 τῶν
928 3136 1061 3198 ναυτῦν
1076 3135 1263 3214 Καλλικλῆς

309 3225 522 3318 Ἐπιτρέφους
535 3233 707 3318 Θριάσιος,
729 3230 877 3318 λέχων”
856 3258 908 3298 οτι
918 3228 1073 3317 βούλοιτό
1086 3254 1143 3314 μοι
1153 3232 1263 3296 διαλε-

311 3335 434 3413 χθήναι
447 3333 528 3418 ἐμόν
537 3360 568 3400 τι
580 3339 724 3419 πρᾶγμα.
757 3331 977 3408 κελεύσαντος
992 3331 1030 3396 δέ
1038 3353 1104 3414 μου
1114 3323 1234 3412 λέχει”
1213 3352 1264 3393 οτι

311 3425 467 3510 βούλοιτό
485 3457 541 3516 μοι
559 3431 659 3517 χάριν
677 3429 864 3499 άποδοῦναι
885 3426 996 3497 καθ’“
975 3455 1037 3496 οτι
1053 3426 1195 3494 δύναται
1214 3416 1263 3493 όν

265 3520 401 3613 λὸαύτςό
425 3525 628 3614 άπορηθέντι
645 3526 797 3598 ἔδωκα.
800 3526 855 3596 σύ
878 3521 949 3595 οὖν’
950 3523 1069 3614 έφη“
1071 3525 1132 3594 τὸν
1153 3531 1263 3602 πλοῦν

304 3618 449 3688 “τοῦτον
468 3622 567 3692 οἶσθα
587 3624 669 3712 ἐφ’”
649 3653 711 3694 οτι
728 3624 857 3704 πλεῖς
835 3621 856 3712 ή
874 3639 932 3692 πολ
938 3623 970 3706 ;’'
994 3623 1263 3710 ἀποκριναμένου

309 3723 429 3807 δέμον
446 3717 536 3810 αὐτῷ
548 3722 599 3792 ότι
617 3723 680 3794 οῦκ
699 3731 821 3813 εἰδείην
828 3722 918 3796 ’ῗάλλ
932 3723 998 3810 ἐγώ
1008 3722 1076 3792 σοι”
1088 3729 1153 3812 ἔφη
1161 3721 1261 3808 “5005-
