3159 4409
264 473 363 573 ἀτο
484 511 574 569 mn.
599 502 1050 588 [ΔΗαοΣοαΝονΣ]

295 696 352 748 τας
370 667 515 755 ὠδύρετο
534 669 612 747 τούς
628 673 833 752 γνωρίμους,
856 674 887 736 εί
903 665 1099 751 παραλιπών
1113 665 1248 751 ἐγώτὸν

295 767 415 851 καιρόν
427 760 504 859 ἐνῷ
522 767 576 835 διά
593 765 630 834 τό
648 764 709 834 τόν
727 767 853 850 πατέρα
871 771 930 852 ζῆν
946 769 1052 844 ἔξεστί
1060 791 1117 851 μοι
1128 772 1248 833 τοῦτον

295 866 500 953 ἀμύνασθαι,
513 863 576 953 τὴν
586 864 739 949 ἀπειρίαν
749 867 806 931 καλ
822 862 885 950 τὴν
900 861 1032 951 ἡλικίαν
1044 863 1249 950 προφασιζό-

296 994 394 1057 μενος
412 965 516 1035 αὐτόν
528 966 589 1051 μὲν
606 965 806 1049 περιόψομαι
823 965 958 1032 πάντων
968 962 1248 1053 ἀπεστερημένον,

297 1073 481 1153 Θεοκρίνην
494 1064 530 1131 δὲ
547 1062 635 1152 παρά
648 1061 726 1142 τοὺς
742 1064 868 1149 νόμους
884 1063 1017 1150 γραφάς
1032 1065 1249 1152 γραφόμενον

296 1167 351 1234 καὶ
368 1170 644 1248 συκοφαντοῦντα
661 1160 806 1241 πολλοὺς
823 1171 891 1229 τῶν
909 1172 1071 1249 πολιτῶν,
1094 1162 1159 1233 οὐκ
1176 1163 1250 1245 ἐξόν

271 1260 396 1350 ὃαάτῷ.
420 1265 534 1348 δέομαι
545 1255 929 1347 οὖνὺμῶνάπάντων,ά
939 1260 1248 1349 άνδρεςἈθηναίοι,

296 1364 351 1430 καὶ
360 1361 495 1429 ίκετεόω
507 1357 572 1446 μετ’
586 1357 719 1438 εὐνοίας
730 1357 875 1427 ἀκοῦσαί
881 1387 964 1448 μου,
983 1368 1116 1448 πρῶτον
1126 1364 1189 1447 μέν
1198 1360 1249 1430 ότι

296 1468 343 1551 τῷ
354 1461 452 1543 πατρὶ
468 1466 609 1546 βοηθῶν
625 1461 680 1527 καὶ
696 1460 897 1545 πειθόμενος
906 1456 1121 1552 ἀγωνίζομαι,
1144 1457 1248 1530 ἔπειθ’

298 1559 349 1627 ὅτι
360 1564 415 1629 καὶ
425 1562 500 1640 νέος
518 1556 567 1628 όν
582 1562 637 1628 καὶ
648 1559 795 1645 ἄπειρος,
817 1556 890 1626 ὥστ’
905 1556 1076 1646 ἀγαπητόν
1086 1559 1175 1628 εἷναί
1182 1588 1248 1647 μοι,

297 1657 356 1727 ἐάν
367 1668 423 1745 της
440 1657 515 1743 παρ’
528 1656 625 1745 ὑμῶν
642 1656 835 1745 ὑπαρξάσης
846 1658 978 1738 εὐνοίας
989 1664 1128 1746 δυνηθῶ
1140 1666 1250 1746 δηλῶ-

271 1777 352 1829 ασαι
363 1756 404 1824 τά
415 1762 629 1844 πεπραγμένα
640 1760 762 1846 τοότφ·
786 1756 871 1845 πρός
882 1761 918 1827 δὲ
927 1760 1066 1845 τούτοις,
1074 1759 1136 1845 ότι,
1150 1753 1250 1829 ἀάα-

298 1861 373 1940 δρες
384 1860 549 1943 δικασταί,
574 1862 775 1944 προδέδομαι
793 1859 847 1945 (τά
866 1859 929 1947 γάρ
941 1858 1054 1946 ἀληθῆ
1069 1858 1250 1946 πρός-ὑμᾶς

298 1953 473 2040 εἰρήσεται)
492 1953 551 2020 ὑπ’
566 1952 777 2040 ἀνθρώπων,
800 1963 834 2024 οἳ
844 1963 1075 2038 πιστευθέντες
1085 1957 1142 2046 ὑφ’
1154 1957 1249 2046 ἡμῶν

205 2059 207 2062 ’
298 2049 425 2137 διάτίγν
442 2050 525 2138 πρὸς
542 2060 663 2122 τοῦτον
679 2061 805 2141 ἔχθραν
827 2059 883 2124 καὶ
899 2058 1085 2143 πυθόμενοι
1101 2056 1142 2125 τὰ
1161 2059 1250 2142 πρά-

297 2177 404 2237 γματα
424 2152 480 2219 καὶ
502 2153 666 2239 φήσαντες
681 2156 753 2241 ἐμοὶ
770 2166 1051 2240 συναγωνιεῖσθαι
1072 2159 1249 2242 ἐγκαταλε-

297 2257 431 2318 λοίπασι
445 2256 526 2318 νυνί
538 2278 579 2337 με
597 2255 653 2320 καλ
669 2257 878 2322 διαλέλυνται
892 2252 975 2341 πρός
992 2263 1113 2323 τοῦτον
1129 2260 1167 2324 ἐν
1183 2271 1249 2336 τοῖς
1256 2259 1294 2316 135

296 2354 385 2437 έμοις
395 2352 601 2438 πράγμασιν,
614 2351 698 2421 ὥστε
709 2380 765 2439 μοι
775 2354 858 2439 μηδὲ
867 2356 926 2422 τόν
935 2362 1143 2441 σννεροῦντα
1154 2354 1247 2443 εἶναι,

297 2449 356 2518 έάν
366 2450 410 2536 μή
423 2476 471 2529 τις
481 2448 546 2539 άρα
558 2478 614 2538 μοι
624 2459 692 2520 τῶν
704 2459 834 2521 οἰκείων
846 2454 1008 2543 βοηθηση.

272 2567 287 2619 5
380 2559 524 2630 Πολλαίς
535 2552 596 2638 μὲν
607 2545 671 2621 οόν
682 2555 858 2634 ἐνδείξεσιν
869 2547 913 2639 ἦν
924 2559 1035 2640 ἔνοχος
1046 2552 1176 2643 οὑτοσὶ,
1194 2561 1249 2624 καλ

298 2649 445 2730 ἅπαντας
462 2651 541 2730 τοὺς
551 2654 626 2737 περὶ
636 2661 739 2721 ταῦτα
757 2652 883 2738 νόμους
893 2656 1045 2739 ἐφαίνετο
1057 2662 1248 2743 παραβεβη-

296 2751 377 2828 κοίς·
407 2752 605 2819 καινότατον
624 2755 659 2819 δὲ
674 2761 742 2819 των
758 2757 866 2838 ἔργων
874 2760 943 2820 τῶν
953 2752 1076 2821 τούτου
1093 2754 1155 2840 την
1174 2756 1248 2839 περὶ

296 2849 332 2918 τό
352 2857 469 2917 πλοῖον
482 2849 586 2935 φάσιν
603 2847 801 2937 εὑρίσκομεν
816 2866 1009 2937 γεγονυῖαν,
1037 2851 1152 2935 διόπερ
1167 2859 1248 2920 ταῦ-

296 2976 336 3015 τα
347 2950 478 3035 γράψας
490 2955 535 3028 είς
551 2948 614 3037 τὴν
625 2955 762 3031 ἔνδειξιν
778 2955 902 3018 ἔδωκεν
913 2947 931 3017 ό
943 2951 1049 3037 πατήρ
1061 2978 1124 3036 μοι.
1155 2960 1248 3036 προί-

295 3075 355 3117 τον
373 3051 433 3135 μὲν
456 3042 519 3116 οὖν
539 3048 598 3117 τόν
620 3049 727 3135 νόμον
747 3046 827 3134 ὑμῖν
850 3047 1074 3134 ἀναγνώσεται
1092 3049 1153 3118 τόν
1174 3053 1248 3135 περὶ

294 3158 361 3216 των
382 3150 572 3235 φαινόντων
596 3151 651 3217 καὶ
679 3147 741 3217 οὐκ
763 3149 976 3234 ἐπεξιόντων,
1005 3147 1089 3217 ἀλλά
1110 3154 1247 3218 διαλυο-

295 3252 406 3331 μένων
419 3251 508 3335 παρά
525 3248 603 3328 τούς
622 3250 760 3336 νόμους·
783 3251 942 3316 ἐντεῦθεν
957 3248 1020 3335 γάρ
1040 3247 1130 3334 οἶμαι
1140 3268 1247 3336 προσ-

295 3345 389 3430 η’κειν
409 3375 466 3434 μοι
491 3349 695 3436 ποιήσασθαι
724 3346 786 3435 τὴν
812 3346 917 3434 ἀρχὴν
942 3355 1004 3414 τοῦ
1029 3347 1147 3432 λόγου·
1178 3346 1245 3415 εἶτα

295 3443 357 3530 την
368 3447 471 3528 φάσιν
483 3447 590 3535 αὐτὴν
606 3447 649 3536 ἣν
661 3440 759 3528 οὗτος
770 3448 944 3533 ἐποιήσατο
956 3447 1039 3515 κατά
1050 3455 1114 3516 τοῦ
1125 3453 1245 3516 Μίκω-

293 3569 367 3628 νος,
385 3548 466 3628 λέγε.

674 3653 852 3732 Νοιαοε.

268 3757 284 3810 6
370 3740 406 3810 Ὁ
418 3743 519 3832 νόμος
530 3743 658 3834 οὑτοσὶ,
682 3740 840 3832 άάνδρες
857 3749 1022 3833 δικασταὶ,
1044 3758 1243 3834 τοϊςπροαι-
