3159 4409
522 489 665 550 111202
684 487 1002 581 ΚΑΛΙΛΙΚΛΕΑ.
1169 490 1232 554 215

287 646 388 731 όρους
399 651 434 716 δὲ
446 651 650 733 περιέχοντος
664 647 776 736 κύκλφ
787 660 854 726 τοῖς
863 654 993 733 χωρίοις
1003 648 1039 717 τό
1051 656 1233 735 καταρρέον

269 811 275 824 ,
287 745 381 834 ὕδωρ
390 753 430 834 τῇ
439 747 501 832 μὲν
512 751 557 823 είς
567 745 629 830 τὴν
640 742 730 828 ὁδὸν,
741 753 781 832 τῇ
791 741 823 811 δ’
838 751 883 823 είς
892 745 933 813 τά
944 755 1046 832 χωρία
1061 756 1233 834 συμβαίνει

288 847 458 930 φέρεσθαι.
491 846 545 910 καὶ
558 840 597 928 δὴ
609 845 664 911 καὶ
674 841 769 910 τοῦτ’.
780 850 951 912 εἰσπῖπτον
962 851 1008 922 εἰς
1018 843 1080 930 τὴν
1090 842 1188 928 ὁδόν,
1209 841 1233 935 ᾖ

287 944 350 1028 μέν
361 937 404 1008 ἀν
415 939 530 1027 εὐοδῇ,
552 944 687 1027 φέρεται
697 941 785 1009 κάτω
803 942 886 1009 κατὰ
902 941 965 1028 τὴν
981 941 1080 1031 ὁδόν,
1103 937 1126 1032 ᾗ
1143 943 1176 1012 δ’
1189 939 1233 1012 ἀν

287 1043 618 1127 ένστῇτι,τηυικαῦτα
629 1037 714 1106 τοῦτ’
724 1038 817 1124 είςτά
825 1040 1231 1130 χωρίαύπεραίρεινάναχ-

243 1165 277 1217 11
288 1152 383 1206 καῖον
398 1137 470 1223 ἤδη.
511 1138 565 1205 καὶ
585 1136 626 1224 δη
642 1137 724 1207 κατά
742 1147 840 1207 τούτο
857 1140 894 1209 τό
915 1150 1053 1227 χωρίον,
1076 1136 1104 1211 ἀ
1114 1143 1234 1229 ἀνδρες

263 1235 268 1244 ’
288 1237 452 1319 δικασταὶ,
470 1239 650 1323 γενομένης
659 1240 839 1324 ἐπομβρίας
849 1245 972 1328 συνέβη
983 1240 1020 1310 τό
1032 1240 1123 1328 ὕδωρ
1133 1246 1233 1330 ἐμβα-

287 1343 371 1403 λελν·
404 1332 571 1421 ἀμεληθὲν
590 1337 626 1403 δὲ
648 1334 742 1414 ούπω
762 1345 825 1405 τού
845 1337 969 1426 πατρὸςΙ
987 1346 1117 1425 ἔχοντος
1139 1338 1232 1425 αύτδ,

287 1433 355 1502 ἀλλ’
373 1432 557 1519 ἀνθρώπου
575 1439 846 1521 δυσχεραίνοντος
863 1433 948 1515 ὅλως
963 1453 1032 1517 τοῖς
1049 1439 1163 1517 τόποις
1178 1440 1234 1506 καὶ

285 1538 415 1618 μᾶλλον
432 1530 585 1617 ἀστικοῦ,
607 1536 655 1612 δίς
672 1535 727 1601 καὶ
743 1535 812 1616 τρὶς
827 1532 972 1621 ἐμβαλόν
987 1533 1024 1602 τό
1043 1535 1135 1622 ὕδωρ
1148 1537 1186 1604 τά
1197 1563 1233 1606 τε

284 1636 389 1716 χωρία
401 1631 586 1716 ἐλυμήνατο
602 1634 658 1699 καί
673 1639 800 1718 μᾶλλον
817 1628 978 1701 ὡδοποίει.
1012 1634 1063 1701 διὸ
1077 1633 1117 1721 δὴ
1135 1632 1230 1703 ταῦθ’

285 1727 304 1796 ὁ
317 1725 424 1814 πατὴρ
436 1723 535 1815 ὁρούν,
544 1728 588 1808 ὡς
598 1728 660 1814 ἔχω’
670 1728 738 1797 τω”ν
747 1729 882 1798 εἰδότων
891 1730 1014 1820 ἀκούω,
1022 1737 1077 1802 καὶ
1086 1718 1154 1804 τάν
1163 1761 1233 1819 χει-

282 1825 396 1893 τόνων
412 1828 635 1913 ἐπινεμόντων
651 1827 717 1914 ἀμα
735 1831 790 1896 καί
807 1830 1011 1916 βαδιζόντων
1028 1828 1082 1899 διά
1094 1840 1154 1900 τού
1164 1859 1231 1917 χω-

241 1950 276 2004 12
285 1930 376 2009 ρίου,
398 1924 460 2012 την
476 1923 632 2010 αίμασιάν
653 1924 919 2015 περιῳκοδόμησε
940 1927 1074 2014 ταύτην.
1111 1930 1166 1997 καί
1187 1926 1231 2007 ως

283 2019 372 2090 ταῦτ’
386 2021 498 2109 ἀληθῆ
507 2028 607 2111 λέγω,
629 2027 807 2111 παρέξομαι
823 2026 884 2111 μὲν
900 2028 954 2093 καί
971 2025 1140 2112 μάρτυρας
1151 2023 1230 2111 ύμῖν
1238 2021 1318 2091 1275'

283 2119 362 2200 τούς
374 2121 515 2204 είδότας,
540 2120 626 2189 πολύ
639 2121 684 2207 δέ,
700 2115 727 2190 τό
736 2121 1045 2210 ἀνδρεςἉθηναίοι,
1067 2133 1134 2193 τῶν
1144 2152 1230 2211 μαρ-

283 2220 395 2306 τύρων
406 2220 599 2306 ἰσχυρότερα
609 2221 775 2306 τεκμήρια.
806 2229 993 2306 Καλλικλῆς
1004 2221 1138 2308 μὲνγάρ
1149 2242 1231 2309 φησι

283 2317 344 2404 τὴν
355 2319 524 2404 χαράδραν
542 2316 850 2404 ἀποικοδομήσαντα
866 2318 1024 2403 βλάπτειν
1040 2318 1095 2403 ἐμέ
1111 2316 1230 2385 αύτόν·

283 2413 348 2500 έχῶ
361 2413 391 2482 δ’
408 2413 569 2494 ἀποδείξω
586 2421 707 2500 χωρίον
725 2410 767 2482 όν
782 2413 887 2498 τοῦτ’,
910 2411 978 2480 ἀλλ’
991 2411 1032 2479 ού
1052 2413 1229 2498 χαράδραν.

240 2531 276 2586 13
284 2518 315 2580 εί
325 2515 385 2598 μὲν
396 2505 459 2580 ούν
477 2511 521 2598 μὴ
540 2524 754 2597 συνεχωρεῖτο
771 2507 931 2596 ἡμέτερον
942 2512 1029 2576 ἴδιον
1041 2509 1140 2596 εἶναι,
1163 2509 1228 2597 τάχ’

283 2607 328 2679 ἀν
344 2618 441 2678 τούτο
457 2609 654 2697 ἠδικοῦμεν,
677 2619 710 2677 εί
721 2635 753 2676 τι
768 2616 836 2677 τῶν
852 2613 1019 2695 δημοσίων
1039 2606 1232 2698 φ’κσδομού·

284 2735 360 2795 μεν·
384 2713 460 2777 νυνὶ
472 2707 504 2776 δ’
518 2705 595 2776 ούτε
605 2715 703 2777 τούτο
715 2705 999 2793 ἀμφισβητοῦσιν,
1018 2712 1086 2774 ἔστι
1097 2703 1121 2773 τ’·
1137 2709 1174 2774 έν
1184 2713 1231 2794 τῷ

278 2809 392 2895 ’χωρίῳ
404 2811 524 2893 δένδρα
534 2809 775 2894 πεφυτευμένα,
785 2805 988 2896 ἀμπελοικαί
999 2820 1105 2873 σνκαλ.
1127 2810 1233 2872 καίτοι

284 2913 335 2983 τίς
353 2910 390 2973 ἐν
409 2909 558 2996 χαράδρρι
574 2905 662 2975 ταῦτ’
681 2901 725 2973 ἀν
742 2906 902 2991 φυτεύειν
919 2902 1102 2985 ἀξιωσειευ;
1124 2900 1232 2982 ούδείς

284 3029 334 3090 με.
355 3012 403 3082 τίς
414 3009 449 3071 δὲ
460 3006 561 3073 πόλιν
571 3005 649 3090 τούς
659 3001 763 3071 αὑτοῦ
775 3000 963 3088 προχόυους
974 3003 1131 3079 θάπτειν;
1153 2997 1232 3069 οὐδὲ

244 3126 276 3179 14
285 3100 372 3172 τοῦτ’
387 3102 484 3189 οἶμαι.
517 3111 620 3171 ταῦτα
636 3111 751 3171 τοίνυν
768 3101 935 3189 ἀμφότερ’,
958 3096 986 3170 οἷ
1003 3101 1121 3185 ἀνδρες
1138 3105 1234 3181 δικα-ι

286 3204 369 3287 σταί,
378 3205 598 3289 συμβέβηκεν·
611 3203 665 3269 καὶ
674 3199 738 3288 χάρ
750 3201 790 3270 τά
805 3206 926 3288 δένδρα
937 3201 1139 3285 πεφύτευται
1149 3199 1233 3285 πρό-

285 3327 383 3384 τερον
393 3295 416 3386 ἢ
427 3298 486 3369 τόν
497 3304 620 3387 πατέρα
632 3306 919 3387 περιοικοδομῆσαι
929 3299 990 3386 τὴν
999 3299 1165 3385 αίμασιάυ,
1176 3301 1232 3369 καὶ

287 3397 326 3466 τά
345 3399 499 3485 μνήματα
515 3397 638 3479 παλαιὰ
655 3401 710 3468 καί
726 3397 905 3485 πρὶνὴμοῖς
922 3399 1106 3484 κτήσασθαι
1116 3397 1153 3466 τό
1164 3426 1231 3486 χω·

288 3505 360 3583 ρίον
377 3501 580 3585 χεχενημένα
606 3501 702 3566 ἐστίν.
736 3503 842 3565 καίτοι
865 3497 994 3565 τούτων
1014 3494 1230 3582 ὑπαρχόντων

285 3603 334 3674 τίς
345 3591 389 3663 ἀν
399 3601 445 3664 έτι
457 3597 554 3682 λόγος
567 3598 788 3684 ἰσχυρότερος,
802 3587 958 3682 όάνδρες
966 3593 1150 3686 Ἀθηναῖοι,
1176 3599 1232 3679 γε’-
