3159 4409
367 501 477 562 Πωει
491 497 723 562 mmm.
739 497 834 559 ΤΗΣ
849 475 1156 559 υΡιΗεΛεΧιΛΣ.
1180 494 1243 561 1⁷5

290 666 322 730 εί
336 668 451 749 λαβεῖν
461 658 564 728 αύτόν
577 658 708 746 ἠξίουν,
729 657 966 744 Κηφισοδότου
975 658 1084 744 μόνου
1095 685 1151 745 μοι
1159 679 1244 728 συν-

290 759 478 845 ειρηκότος,
501 758 631 837 τούτοις
648 761 683 825 δὲ
694 757 908 843 παμπόλλων.
941 757 1112 853 νύνδὲτβ
1122 757 1242 847 πρύτφ

289 857 582 944 παρασκευάσαντι
597 854 660 942 τὴν
677 856 793 943 τριήρη
810 852 871 922 τόν
886 860 1007 940 ταμίαν
1016 853 1243 938 προσέταξενό

263 963 396 1045 ηδημος
413 962 547 1043 δοῦναι,
571 961 734 1041 πεποίηκα
751 954 787 1022 δὲ
802 950 894 1022 τοῦτ’
911 953 991 1039 ἐγώ·
1014 952 1067 1021 διό
1078 979 1162 1040 φημι
1174 958 1244 1022 δεῖν

288 1054 391 1134 αὐτὸς
402 1061 662 1141 στεφανοῦσθαι.
684 1052 844 1140 θαυμάζω
857 1051 892 1120 δέ
903 1054 957 1120 καὶ
968 1052 1113 1137 τούτων,
1125 1048 1176 1121 ὅτι
1185 1060 1244 1139 τῆς

289 1146 446 1242 τριήρους
471 1154 695 1241 ἀμελήσαντες
716 1150 795 1231 τούς
816 1152 957 1238 ῥήτορας
977 1150 1242 1238 παρεσκεύασαν,

289 1255 347 1322 καὶ
359 1259 498 1322 δοκοῦσί
505 1279 562 1339 μοι
573 1249 696 1330 παντὸς
707 1254 960 1337 διημαρτηκέναι
969 1260 1031 1319 τού
1040 1251 1243 1337 πράγματος,

289 1356 344 1422 καὶ
361 1359 505 1440 νομίζειν
522 1350 595 1438 οὐχί
605 1366 674 1430 τοῖς
685 1357 841 1419 ποιοῦσιν
852 1347 874 1416 δι’
884 1354 936 1417 δεῖ
942 1351 1039 1436 χάριν
1048 1347 1136 1435 ὑμᾶς
1146 1354 1242 1436 ἔχειν,

289 1450 374 1522 ἀλλὰ
385 1467 453 1532 τοῖς
465 1452 669 1538 φάσκουσιν,
691 1447 734 1516 ού
745 1445 805 1544 τὸν
816 1445 919 1516 αύτὸν
929 1448 1055 1533 τρόπον
1065 1447 1244 1532 ἐγνωκότες

288 1549 393 1635 όνπερ
405 1548 469 1635 ἐχύ
480 1551 555 1635 περὶ
565 1544 670 1634 ὑμῶν.
703 1549 759 1615 καὶ
770 1544 843 1614 κατ’
857 1545 937 1614 αύιό
949 1544 989 1632 δη
1001 1555 1098 1614 τούτο
1110 1551 1244 1626 δικαίως
1308 1608 1313 1620 ,

288 1643 333 1715 άν
351 1646 447 1732 ἔχοιτ’
468 1646 714 1728 εὐνοϊκωτέρως
731 1648 818 1731 ἐμοί·
841 1653 1000 1739 φαίνομαι
1016 1643 1080 1733 χόιρ
1093 1651 1242 1733 βελτίους

257 1774 277 1827 3
289 1745 378 1832 ὑμᾶς
389 1744 636 1831 ὑπολαμβάνων
646 1740 668 1830 ἢ
680 1736 783 1835 οὗτοι.
817 1747 916 1831 ἐχρῆν
924 1747 986 1832 μὲν
996 1737 1073 1830 ούν,
1085 1738 1113 1813 ά
1123 1745 1242 1829 ἄνδρες

285 1843 534 1928 Ἀθηναῖοι,”καὶ
545 1848 675 1918 δίκαιον
684 1835 727 1931 ἦν
737 1841 817 1931 τούς
826 1841 888 1912 τὸν
897 1847 1062 1930 στέφανον
1070 1850 1242 1932 οἰομένους

288 1947 360 2010 δεῖν
381 1940 461 2027 παρ’
487 1940 583 2028 ὑμῶν
604 1949 720 2029 λαβεῖν
740 1938 863 2023 αύτούς
884 1942 994 2033 άξίονς
1015 1945 1241 2015 ἐπιδεικνύναι
1252 1961 1319 2015 Γλλῖ

287 2041 426 2123 τούτου,
445 2039 489 2127 μὴ
501 2041 556 2127 ἐμὲ
566 2049 677 2120 κακῶς
687 2044 805 2126 λέγειν.
834 2041 946 2129 ἐπειδὴ
958 2043 994 2112 δέ
1005 2052 1104 2112 τοῦτο
1115 2049 1241 2130 παρέν-

287 2165 341 2219 τες
356 2142 460 2207 ἐκεῖνο
479 2147 650 2226 ποιοῦσιν,
675 2137 835 2226 ἀμφότερ’
851 2140 978 2222 αύτούς
994 2144 1141 2222 ἐπιδείξω
1158 2157 1242 2224 ψευ-
1269 2180 1275 2184 -

289 2241 465 2324 δομένους,
487 2236 510 2305 ά
525 2265 561 2306 τε
579 2236 944 2326 αύτούςένεκωμίασαν
959 2243 1014 2308 καὶ
1025 2239 1090 2309 ὅσα
1100 2248 1147 2320 είς
1155 2239 1248 2328 ἡμεῖςΧ
1348 2280 1350 2285 .

287 2337 557 2425 ἐβλασφήμησαν,
568 2341 602 2416 ἐξ
613 2334 725 2404 αὐτῶν
736 2345 804 2405 τόν
815 2341 1056 2422 πεπραγμένων
1065 2340 1239 2422 ἑκατέροις.

258 2464 276 2516 4
374 2438 538 2522 Ψήφισμα
555 2434 620 2521 γάρ
637 2432 733 2521 ὑμῶν
746 2439 994 2521 ποιησαμένων,
1017 2432 1053 2513 ὃς
1066 2431 1109 2501 άν
1119 2434 1163 2521 μὴ
1175 2435 1248 2520 πρὸ,
1299 2476 1301 2481 ,
1326 2455 1330 2460 ·

285 2541 345 2622 τῆς
361 2538 437 2623 ἕνης
453 2539 508 2605 καὶ
522 2539 598 2614 νέας
608 2536 661 2602 ἐπὶ
671 2541 764 2620 χῶμα
774 2532 837 2620 τὴν
847 2539 934 2601 ναῦν
946 2539 1158 2620 περιορμίσῃ,
1181 2538 1241 2620 δῆ-
1308 2551 1311 2562 ·

287 2655 344 2702 σαι
361 2637 415 2703 καὶ
427 2639 625 2723 δικαστηρίω
636 2638 862 2718 παραδούναι,
884 2635 1052 2702 καὶταῦτα
1064 2631 1241 2717 κυρωσάν-

285 2758 365 2817 των,
378 2732 443 2818 ἐχω
453 2730 730 2819 μὲνπεριύρμισα
741 2734 797 2800 καί
808 2734 975 2818 στέφανον
986 2729 1041 2801 διά
1050 2740 1155 2800 ταῦτα
1164 2729 1238 2817 παρ’

286 2827 532 2919 ύμιόνέλαβον,
547 2822 642 2898 ούτοι
653 2828 684 2899 δ’
698 2830 776 2899 οὐδὲ
785 2837 1030 2918 καθείλκυσαν,
1042 2829 1121 2898 ὥστ’
1132 2834 1241 2916 ἔνοχοι

286 2933 398 3017 δεσμῷ
414 2931 599 3015 γεγόνασιν.
634 2922 785 3015 πωςούν
801 2927 864 2997 οὐκ
882 2928 1096 2998 ἀτοπώτατον
1111 2925 1156 2996 άν
1167 2933 1241 2996 δια-

284 3027 471 3113 πράξαισδε
487 3033 603 3115 ἔργον,
626 3035 657 3096 εί
671 3026 750 3108 τούς
766 3027 847 3097 καθ’
864 3031 993 3098 ἑαυτῶν
1009 3030 1179 3107 ἐάσαντας·
1190 3036 1242 3097 τί-

284 3140 378 3216 μημα
402 3132 556 3194 τοιοῦτον
576 3122 777 3215 ἐπαχθῆναι,
810 3128 950 3207 τούτους
971 3126 1241 3213 στεφανώσαντες

256 3224 378 3313 ,χύμεῖς
386 3223 631 3311 φαίνοισδε;τι“ι
641 3227 743 3313 σκεύη
753 3234 880 3310 τοίνυν,
888 3226 951 3294 ὅσα
961 3225 1242 3313 δεῖπαρέχειυτην

283 3324 385 3393 πόλιν
406 3339 473 3403 τοῖς
492 3323 717 3410 τριηράρχοις,
739 3322 802 3410 ἐμαὶ
826 3324 944 3411 μὲνέν
960 3329 1030 3390 τῶν
1047 3320 1240 3412 ίδίωνάνή-

286 3431 394 3509 λωσα,
412 3424 467 3490 καί
484 3430 553 3490 τόν
566 3427 733 3510 δημοσίων
743 3429 863 3510 ἐλαβον
874 3419 992 3508 οὐδὲν,
1009 3411 1101 3488 οὗτοι
1111 3419 1146 3495 δ’,
1156 3419 1241 3509 ύμε-

286 3525 392 3607 τέροις
408 3524 598 3608 κέχρηνται,
619 3525 675 3613 καὶ
693 3531 761 3591 τῶν
778 3524 947 3608 σφετέρων
963 3516 1063 3588 οὐδὲν
1079 3525 1125 3600 είς
1136 3530 1241 3589 ταῦτα
1271 3562 1284 3579 2

287 3634 464 3706 προεῖνται.
496 3623 551 3690 καί
563 3617 631 3708 μὴν
643 3619 718 3691 οὐδ’
733 3617 777 3689 άν
787 3620 895 3689 ἐκεῖνό
904 3618 938 3705 ν’
951 3625 1055 3706 ἔχοιεν
1068 3627 1183 3704 εἰπεῖν,
1196 3616 1240 3696 ὡς

286 3717 509 3807 άνεπειρῶντο
531 3723 616 3814 ἐμοῦ
637 3722 809 3809 πρότεροι·
831 3722 910 3808 πρὶν
925 3719 989 3808 γάρ
1002 3712 1115 3808 ἧφθαι
1131 3715 1239 3804 μόνον

565 3831 571 3858 Ι
