3159 4409
322 491 365 558 38
522 497 612 555 ΧλΙΙΙ.
634 483 1055 565 ΔΗΜΟΣΘΕΝΟῬΣ

321 655 394 724 τονί
405 651 552 740 πατηρ,ο
554 652 674 739 ίνόμοι
685 678 726 720 ον
715 651 1013 741 ’τετελευτήκασιν
1025 655 1102 725 οόδε
1113 684 1148 724 το
1139 657 1270 725 δίκαι-

321 779 362 823 ον
378 750 623 863 τετελεύτηκεν,
642 749 722 819 οὐδ’
730 778 761 819 οι
754 755 968 821 δικασταίοἰ
953 759 1038 841 την
1048 764 1163 842 ψηφον
1173 761 1269 841 ἔχον-

276 867 309 922 61
320 877 381 930 τες.
404 846 536 918 ἔστιδ’
521 825 617 918 ονῦν
628 847 722 936 ἀνιὸν
732 847 817 917 καί
797 878 818 937 η
831 852 1068 920 διαδικασία’
1028 880 1089 921 ουκ
1101 864 1135 922 εί
1140 881 1188 932 τις
1198 880 1269 922 ετε-

320 973 378 1035 ρος
388 948 501 1032 ἑτέρον
511 948 670 1034 πρότερος
680 943 703 1034 ἢ
713 946 853 1034 ὕστερος
862 950 1099 1038 τετελεύτηκεν,
1109 949 1176 1019 ἀλλ’
1183 949 1263 1019 εἰ
1222 979 1267 1038 μη

319 1047 478 1133 προσήκει
495 1050 689 1133 ἐξελαθῆναι
712 1049 747 1114 ἐκ
771 1053 832 1113 τοῦ
849 1056 945 1115 οἰκον
961 1058 1022 1115 τοῦ
1037 1047 1172 1134 Ἀννίου
1188 1075 1268 1128 τονς

319 1150 462 1225 οἰκείους
482 1145 560 1224 τοὺς
577 1144 719 1232 Ἁγνίου,
745 1143 904 1226 ἀνεψιοὺς
926 1145 1024 1225 ὄντας
1042 1149 1098 1214 καὶ
1120 1144 1268 1227 ἀνεψιῶν

315 1249 436 1326 παῖδας
443 1244 555 1335 Ἁμνία
566 1243 648 1331 πρὸς
658 1243 798 1331 πατρός,
816 1242 881 1313 ὑπό
898 1253 966 1313 τῶν
977 1249 1012 1312 ἐκ
1029 1253 1089 1314 τοῦ
1099 1254 1266 1332 Στρατίου

318 1353 414 1412 οἰκον
430 1345 485 1412 καί
501 1344 606 1431 μηδὲν
623 1344 863 1430 προσηκόντων
875 1343 957 1411 ὥστε
968 1354 1187 1430 κληρονομεῖν
1196 1371 1266 1413 των

313 1439 456 1529 Ἁγνίου,
468 1443 552 1511 ἀλλά
565 1445 654 1529 μένει
666 1440 824 1528 ἀπωτεριο
836 1443 952 1554 όιπων
981 1450 1056 1531 περὶ
1067 1445 1188 1512 τούτου
1199 1453 1266 1514 νῦν

317 1538 467 1608 ἐστινὸ’
448 1541 547 1628 αμοόυ

270 1659 309 1714 62
393 1639 462 1706 Έτι
473 1640 508 1707 δε
520 1646 724 1727 σαφέστερον
735 1641 920 1727 γνώσεσθε,
933 1669 958 1709 ω
947 1634 1091 1724 ἀνδρες
1103 1644 1263 1728 δικασταὶ,

317 1739 372 1804 καί
382 1739 418 1805 ἐκ
428 1743 526 1807 τοῦδε
536 1746 597 1807 τοῦ
609 1739 716 1824 νόμον
728 1738 779 1806 ὅτι
790 1740 912 1807 Σόλων
923 1736 940 1808 ὁ
959 1746 1142 1825 νομοθέτης
1157 1762 1264 1807 σπου·

318 1834 406 1914 δάζει
416 1840 491 1919 περὶ
505 1834 585 1928 τούς
594 1843 753 1921 οἰκείους,
770 1839 826 1904 καί
843 1837 885 1905 οὐ
899 1837 1006 1923 μόνον
1023 1842 1138 1905 δίδωσι
1148 1835 1188 1904 τά
1200 1864 1263 1904 κα-

315 1938 535 2019 ταλειφθέυτα
542 1985 551 2020 ,
572 1933 655 2004 ἀλλά
668 1939 722 2003 καὶ
733 1936 967 2022 προστάγματα
978 1951 1116 2004 ποιεῖται
1128 1935 1167 2004 τὰ
1180 1942 1264 2004 δνσ-

316 2042 396 2120 χερῆ
406 2032 537 2102 ἅπαντα
547 2049 614 2115 τοῖς
624 2035 861 2125 προσήκουσιν.
885 2039 958 2122 λε’με
970 2037 1029 2104 τὸν
1040 2037 1155 2121 νόμον.

703 2159 880 2221 ΝΟΜΟΣ.
1026 2156 1028 2161 ’

392 2249 468 2342 [Τόν
478 2251 673 2320 ἀποθανόντα
672 2261 881 2358 προτίθεσθαι
892 2256 996 2355 ἔνδον,
1005 2248 1085 2328 όπως
1100 2248 1139 2317 ἀν
1144 2252 1257 2362 βοόλη·
1268 2267 1332 2321 1071

352 2367 408 2406 ται
450 2343 584 2424 ἐκφέρειν
602 2334 679 2404 δὲ
651 2363 703 2402 τον
716 2333 911 2402 ἀποθανόντα
927 2363 963 2424 τη
949 2332 1159 2442 νστεραία”
1139 2366 1158 2420 η
1178 2364 1198 2424 η
1219 2336 1259 2403 ἀν

353 2433 543 2526 προθῶνται,
559 2426 630 2509 πρὶν
640 2421 765 2506 ηλιον
767 2425 850 2523 ε’χειν.
884 2425 971 2505 βαδίζ
969 2447 1013 2485 ειν
955 2423 1057 2498 δε
1067 2447 1134 2496 τους
1146 2421 1259 2506 ανόρας
1326 2434 1332 2440 “

353 2503 524 2590 πρόσθεν,”
507 2531 578 2571 οταν
588 2499 819 2590 ἐκφέρωνται,
787 2531 839 2581 τας
850 2505 882 2568 δὲ
884 2527 1039 2605 γυναικας
1049 2497 1181 2564 οπισθεν
1185 2526 1259 2604 μν-

354 2617 445 2654 ναικα
457 2592 488 2654 δὲ
498 2618 538 2673 μη
527 2585 656 2666 ἐξεῖναι
673 2591 791 2653 εἰσιέναι
810 2581 891 2664 εἰς
859 2613 896 2650 τα
905 2611 956 2649 του
944 2580 1174 2661 ἀποθανόντος
1184 2574 1257 2665 μηδ’

355 2667 533 2738 ἀκολουθεῖν
536 2667 742 2777 ἀποθανόντι,
761 2697 831 2735 οταν
840 2664 921 2746 εἰς
890 2696 926 2732 τα
915 2669 1052 2774 σήματα
1068 2666 1241 2751 ἀγηται,ν
1209 2669 1256 2730 ἐν·

353 2754 401 2834 τὸς
413 2752 544 2861 ἑξηκοντ’
557 2759 629 2820 ἐτῶν
639 2762 810 2857 γεγονυῖαν,
820 2749 931 2856 πλην“
916 2773 981 2815 οσαι
994 2749 1072 2830 ἐντὸς
1083 2752 1256 2832 ἀνεψιαδῶν

353 2845 429 2906 εἰσι
446 2835 516 2945 μηδ’
531 2836 612 2916 εἰς
581 2866 617 2903 τα
628 2865 679 2904 του
667 2833 894 2912 ἀποθανόντος
905 2838 1038 2938 εἰσιέναι,
1061 2833 1179 2902 ἐπειδὰν
1198 2839 1255 2913 ἒξε-

353 2933 446 3012 νεχθη
457 2951 473 2990 ο
461 2920 580 3006 ’νέκνς,
587 2950 714 3007 γυναικα
725 2925 869 3003 μηδεμίαν
880 2914 979 3002 πλην
963 2942 1028 2986 οσαι
1040 2916 1148 2997 ἕντὸς’
1130 2939 1257 3002 ανεψια-

353 3013 413 3072 δαν
423 3012 517 3089 εἰσιν]

269 3141 303 3196 63
397 3116 469 3187 Οὐκ
481 3122 562 3208 ἐᾷί
531 3145 546 3186 ε
560 3120 665 3185 σιέναι
676 3109 812 3204 0δάνῇ
823 3144 840 3184 ο
831 3113 1087 3201 ’τετελευτηκως
1098 3115 1257 3203 οὐδεμίαν

312 3231 455 3304 γυναῖκα
467 3216 571 3303 ἀλλην
581 3212 604 3303 ἦ
614 3213 671 3294 τάς
687 3215 920 3303 προσηκούσας
930 3220 1022 3300 μέχρι
1033 3213 1255 3302 ἀνεψιότητος,
1319 3304 1322 3313 1

313 3314 506 3404 καίπρόςτό
519 3324 631 3403 μνῆμα
642 3310 842 3383 ἀκολουθεῖν
853 3311 1160 3391 τάςαάτάςταότας.
1184 3320 1258 3378 Φυ-

313 3413 438 3501 λομάχη
454 3422 570 3482 τοίνυν
586 3411 817 3500 ἡΠολέμωνος
835 3410 961 3497 ἀδελφὴ
979 3420 1040 3478 τοῦ
1057 3411 1180 3494 πατρός
1195 3416 1257 3478 τοῦ

311 3510 443 3598 Ἁγνίου
460 3508 522 3578 οὐκ
541 3508 660 3592 ἀνεψιά
683 3503 727 3597 ἦν
743 3509 868 3599 Ἀμνίηι,
891 3507 975 3577 ἀλλά
990 3516 1098 3596 τηθίς·
1129 3506 1255 3595 ἀδελφὴ

313 3610 378 3697 γὰρ
389 3604 432 3697 ἦν
442 3612 640 3695 Πολέμωνος
649 3617 710 3677 τοῦ
721 3609 843 3698 πατρὸς
852 3605 1061 3700 τοῦἉμνίου.
1090 3606 1260 3694 Εὐβουλί-

316 3714 374 3798 δης
385 3706 533 3789 δδὸνίδς
542 3707 660 3794 ταύτης
668 3716 725 3795 τῆς
735 3705 893 3795 γυναικός
903 3705 1037 3790 ἀνεψιὸς
1048 3701 1091 3796 ἦν
1102 3703 1186 3794 πρός
1195 3730 1260 3776 πα-
