<?xml version="1.0" encoding="UTF-8"?>
<!DOCTYPE html PUBLIC "-//W3C//DTD XHTML 1.0 Transitional//EN"
    "http://www.w3.org/TR/xhtml1/DTD/xhtml1-transitional.dtd">
<html xmlns="http://www.w3.org/1999/xhtml" xml:lang="en" lang="en">
 <head>
  <title>
</title>
<meta http-equiv="Content-Type" content="text/html;charset=utf-8" />
  <meta name='ocr-system' content='tesseract 3.04.00' />
  <meta name='ocr-capabilities' content='ocr_page ocr_carea ocr_par ocr_line ocrx_word'/>
</head>
<body>
  <div class='ocr_page' id='page_1' title='image "./orationesexrece02demogoog_0236.png"; bbox 0 0 3159 4409; ppageno 0'>
   <div class='ocr_carea' id='block_1_1' title="bbox 311 493 1043 560">
    <p class='ocr_par' dir='ltr' id='par_1_1' title="bbox 311 493 1043 560">
     <span class='ocr_line' id='line_1_1' title="bbox 311 493 1043 560; baseline -0.004 0"><span class='ocrx_word' id='word_1_1' title='bbox 311 495 374 560; x_wconf 74' lang='lat'><strong><em>232</em></strong></span> <span class='ocrx_word' id='word_1_2' title='bbox 532 497 602 559; x_wconf 66' lang='lat' dir='ltr'><strong><em>tvl.</em></strong></span> <span class='ocrx_word' id='word_1_3' title='bbox 630 493 1043 557; x_wconf 72' lang='grc' dir='ltr'><em>ΔΗΜΟΣΘΕΝΟΤΣ</em></span> 
     </span>
    </p>
   </div>
   <div class='ocr_carea' id='block_1_2' title="bbox 266 646 1314 1339">
    <p class='ocr_par' dir='ltr' id='par_1_2' title="bbox 266 646 1314 1339">
     <span class='ocr_line' id='line_1_2' title="bbox 309 646 1272 742; baseline 0 -19"><span class='ocrx_word' id='word_1_4' title='bbox 309 646 435 742; x_wconf 90' lang='grc' dir='ltr'><strong><em>γούσης</em></strong></span> <span class='ocrx_word' id='word_1_5' title='bbox 451 659 497 733; x_wconf 80' lang='grc' dir='ltr'><strong><em>εἰς</em></strong></span> <span class='ocrx_word' id='word_1_6' title='bbox 506 651 567 722; x_wconf 83' lang='grc' dir='ltr'><strong><em>τὸν</em></strong></span> <span class='ocrx_word' id='word_1_7' title='bbox 576 660 717 738; x_wconf 85' lang='grc' dir='ltr'><strong><em>Πειραιᾶ</em></strong></span> <span class='ocrx_word' id='word_1_8' title='bbox 727 653 884 737; x_wconf 77' lang='grc' dir='ltr'><strong><em>κατάγειν</em></strong></span> <span class='ocrx_word' id='word_1_9' title='bbox 893 655 956 740; x_wconf 89' lang='grc' dir='ltr'><strong><em>τήν</em></strong></span> <span class='ocrx_word' id='word_1_10' title='bbox 966 663 1054 722; x_wconf 83' lang='grc' dir='ltr'><strong><em>ναῦν</em></strong></span> <span class='ocrx_word' id='word_1_11' title='bbox 1065 657 1120 723; x_wconf 77' lang='grc' dir='ltr'><strong><em>καὶ</em></strong></span> <span class='ocrx_word' id='word_1_12' title='bbox 1130 656 1272 742; x_wconf 49' lang='grc' dir='ltr'><strong><em>ἐμφανῆ,</em></strong></span> 
     </span>
     <span class='ocr_line' id='line_1_3' title="bbox 266 747 1314 841; baseline -0.006 -16"><span class='ocrx_word' id='word_1_13' title='bbox 266 759 464 841; x_wconf 68' lang='grc' dir='ltr'><strong><em>λοπαρέχειν</em></strong></span> <span class='ocrx_word' id='word_1_14' title='bbox 483 767 552 833; x_wconf 76' lang='grc' dir='ltr'><strong><em>τοις</em></strong></span> <span class='ocrx_word' id='word_1_15' title='bbox 572 758 780 834; x_wconf 75' lang='grc' dir='ltr'><strong><em>δανείσασινς</em></strong></span> <span class='ocrx_word' id='word_1_16' title='bbox 801 752 940 838; x_wconf 79' lang='grc' dir='ltr'><strong><em>καὶγὰρ</em></strong></span> <span class='ocrx_word' id='word_1_17' title='bbox 961 762 1077 838; x_wconf 85' lang='grc' dir='ltr'><strong><em>τοῦτο,</em></strong></span> <span class='ocrx_word' id='word_1_18' title='bbox 1099 747 1271 838; x_wconf 81' lang='grc' dir='ltr'><strong><em>ιάἀνδρες-</em></strong></span> <span class='ocrx_word' id='word_1_19' title='bbox 1293 797 1314 833; x_wconf 83' lang='lat'><strong><em>:-</em></strong></span> 
     </span>
     <span class='ocr_line' id='line_1_4' title="bbox 308 848 1261 940; baseline -0.004 -17"><span class='ocrx_word' id='word_1_20' title='bbox 308 854 485 940; x_wconf 79' lang='grc' dir='ltr'><strong><em>Ἀθηναῖοι.</em></strong></span> <span class='ocrx_word' id='word_1_21' title='bbox 514 853 686 921; x_wconf 77' lang='grc' dir='ltr'><strong><em>θεάσασθε</em></strong></span> <span class='ocrx_word' id='word_1_22' title='bbox 695 851 757 937; x_wconf 85' lang='grc' dir='ltr'><strong><em>τήν</em></strong></span> <span class='ocrx_word' id='word_1_23' title='bbox 767 848 967 938; x_wconf 79' lang='grc' dir='ltr'><strong><em>ὑπερβολήν.</em></strong></span> <span class='ocrx_word' id='word_1_24' title='bbox 998 851 1121 937; x_wconf 78' lang='grc' dir='ltr'><em>ἐρράγη</em></span> <span class='ocrx_word' id='word_1_25' title='bbox 1135 851 1261 939; x_wconf 90' lang='grc' dir='ltr'><strong><em>ήναῦς,</em></strong></span> 
     </span>
     <span class='ocr_line' id='line_1_5' title="bbox 311 939 1263 1039; baseline -0.002 -18"><span class='ocrx_word' id='word_1_26' title='bbox 311 953 356 1033; x_wconf 75' lang='grc' dir='ltr'><strong><em>ὥς</em></strong></span> <span class='ocrx_word' id='word_1_27' title='bbox 374 939 479 1039; x_wconf 84' lang='grc' dir='ltr'><strong><em>φησιύ</em></strong></span> <span class='ocrx_word' id='word_1_28' title='bbox 495 945 609 1037; x_wconf 82' lang='grc' dir='ltr'><strong><em>οὗτος,</em></strong></span> <span class='ocrx_word' id='word_1_29' title='bbox 630 953 685 1018; x_wconf 78' lang='grc' dir='ltr'><strong><em>καλ</em></strong></span> <span class='ocrx_word' id='word_1_30' title='bbox 703 948 873 1018; x_wconf 81' lang='grc' dir='ltr'><strong><em>διάτοῦτο</em></strong></span> <span class='ocrx_word' id='word_1_31' title='bbox 892 947 1062 1028; x_wconf 81' lang='grc' dir='ltr'><strong><em>εέςῬόδον</em></strong></span> <span class='ocrx_word' id='word_1_32' title='bbox 1077 949 1263 1036; x_wconf 77' lang='grc' dir='ltr'><strong><em>κατήγαγεν</em></strong></span> 
     </span>
     <span class='ocr_line' id='line_1_6' title="bbox 311 1047 1263 1138; baseline -0.004 -17"><span class='ocrx_word' id='word_1_33' title='bbox 311 1052 424 1138; x_wconf 84' lang='grc' dir='ltr'><strong><em>αὐτήν.</em></strong></span> <span class='ocrx_word' id='word_1_34' title='bbox 456 1048 584 1120; x_wconf 86' lang='grc' dir='ltr'><strong><em>ούνιοῦν</em></strong></span> <span class='ocrx_word' id='word_1_35' title='bbox 600 1050 636 1122; x_wconf 87' lang='grc' dir='ltr'><strong><em>τδ</em></strong></span> <span class='ocrx_word' id='word_1_36' title='bbox 649 1047 730 1135; x_wconf 84' lang='grc' dir='ltr'><strong><em>μετά</em></strong></span> <span class='ocrx_word' id='word_1_37' title='bbox 740 1056 839 1117; x_wconf 89' lang='grc' dir='ltr'><strong><em>τοῦτο</em></strong></span> <span class='ocrx_word' id='word_1_38' title='bbox 851 1049 1080 1135; x_wconf 70' lang='grc' dir='ltr'><strong><em>ἐπεσκευάσθη</em></strong></span> <span class='ocrx_word' id='word_1_39' title='bbox 1091 1050 1147 1118; x_wconf 83' lang='grc' dir='ltr'><strong><em>καὶ</em></strong></span> <span class='ocrx_word' id='word_1_40' title='bbox 1158 1050 1263 1118; x_wconf 73' lang='grc' dir='ltr'><strong><em>πλύσ-</em></strong></span> 
     </span>
     <span class='ocr_line' id='line_1_7' title="bbox 310 1140 1261 1238; baseline -0.002 -19"><span class='ocrx_word' id='word_1_41' title='bbox 310 1178 372 1238; x_wconf 88' lang='grc' dir='ltr'><strong><em>μος</em></strong></span> <span class='ocrx_word' id='word_1_42' title='bbox 382 1154 521 1236; x_wconf 85' lang='grc' dir='ltr'><strong><em>ἐγένετο.</em></strong></span> <span class='ocrx_word' id='word_1_43' title='bbox 544 1148 598 1215; x_wconf 84' lang='grc' dir='ltr'><strong><em>διά</em></strong></span> <span class='ocrx_word' id='word_1_44' title='bbox 608 1157 642 1216; x_wconf 85' lang='grc' dir='ltr'><strong><em>τί</em></strong></span> <span class='ocrx_word' id='word_1_45' title='bbox 650 1141 713 1216; x_wconf 87' lang='grc' dir='ltr'><strong><em>ούν</em></strong></span> <span class='ocrx_word' id='word_1_46' title='bbox 720 1199 730 1232; x_wconf 92' lang='grc'><strong><em>,</em></strong></span> <span class='ocrx_word' id='word_1_47' title='bbox 742 1140 770 1215; x_wconf 71' lang='grc' dir='ltr'><strong><em>οδ</em></strong></span> <span class='ocrx_word' id='word_1_48' title='bbox 780 1152 942 1234; x_wconf 83' lang='grc' dir='ltr'><strong><em>βέλτιστε,</em></strong></span> <span class='ocrx_word' id='word_1_49' title='bbox 954 1149 1073 1235; x_wconf 71' lang='grc' dir='ltr'><strong><em>εἰς’μδν</em></strong></span> <span class='ocrx_word' id='word_1_50' title='bbox 1081 1148 1144 1235; x_wconf 85' lang='grc' dir='ltr'><strong><em>τήν</em></strong></span> <span class='ocrx_word' id='word_1_51' title='bbox 1153 1159 1261 1235; x_wconf 74' lang='grc' dir='ltr'><strong><em>Αἴγυ-</em></strong></span> 
     </span>
     <span class='ocr_line' id='line_1_8' title="bbox 310 1245 1262 1339; baseline -0.001 -21"><span class='ocrx_word' id='word_1_52' title='bbox 310 1277 393 1319; x_wconf 89' lang='grc' dir='ltr'><strong><em>πτον</em></strong></span> <span class='ocrx_word' id='word_1_53' title='bbox 410 1253 465 1318; x_wconf 80' lang='grc' dir='ltr'><strong><em>καὶ</em></strong></span> <span class='ocrx_word' id='word_1_54' title='bbox 480 1248 581 1317; x_wconf 88' lang='grc' dir='ltr'><strong><em>τάλλα</em></strong></span> <span class='ocrx_word' id='word_1_55' title='bbox 598 1247 738 1334; x_wconf 86' lang='grc' dir='ltr'><strong><em>ἐμπόρια</em></strong></span> <span class='ocrx_word' id='word_1_56' title='bbox 753 1245 946 1326; x_wconf 77' lang='grc' dir='ltr'><strong><em>ἀπέστελλες</em></strong></span> <span class='ocrx_word' id='word_1_57' title='bbox 962 1247 1083 1334; x_wconf 86' lang='grc' dir='ltr'><strong><em>αύτήν,</em></strong></span> <span class='ocrx_word' id='word_1_58' title='bbox 1103 1248 1262 1339; x_wconf 79' lang='grc' dir='ltr'><strong><em>Ἀθήναζε</em></strong></span> 
     </span>
    </p>
   </div>
   <div class='ocr_carea' id='block_1_3' title="bbox 200 1344 1335 3804">
    <p class='ocr_par' dir='ltr' id='par_1_3' title="bbox 200 1344 1335 3804">
     <span class='ocr_line' id='line_1_9' title="bbox 311 1344 1262 1435; baseline -0.002 -16"><span class='ocrx_word' id='word_1_59' title='bbox 311 1349 342 1419; x_wconf 84' lang='grc' dir='ltr'><strong><em>δ’</em></strong></span> <span class='ocrx_word' id='word_1_60' title='bbox 354 1349 417 1419; x_wconf 88' lang='grc' dir='ltr'><strong><em>ούκ</em></strong></span> <span class='ocrx_word' id='word_1_61' title='bbox 428 1347 617 1428; x_wconf 76' lang='grc' dir='ltr'><strong><em>ἀπέστειλας</em></strong></span> <span class='ocrx_word' id='word_1_62' title='bbox 628 1344 759 1415; x_wconf 78' lang='grc' dir='ltr'><strong><em>οὐδέπω</em></strong></span> <span class='ocrx_word' id='word_1_63' title='bbox 770 1349 825 1415; x_wconf 79' lang='grc' dir='ltr'><strong><em>καὶ</em></strong></span> <span class='ocrx_word' id='word_1_64' title='bbox 834 1350 912 1414; x_wconf 83' lang='grc' dir='ltr'><strong><em>νυνὶ</em></strong></span> <span class='ocrx_word' id='word_1_65' title='bbox 922 1348 1006 1435; x_wconf 82' lang='grc' dir='ltr'><strong><em>πρὸς</em></strong></span> <span class='ocrx_word' id='word_1_66' title='bbox 1015 1345 1100 1433; x_wconf 86' lang='grc' dir='ltr'><strong><em>ήμάς</em></strong></span> <span class='ocrx_word' id='word_1_67' title='bbox 1110 1348 1190 1428; x_wconf 86' lang='grc' dir='ltr'><strong><em>τούς</em></strong></span> <span class='ocrx_word' id='word_1_68' title='bbox 1202 1355 1262 1417; x_wconf 84' lang='grc' dir='ltr'><strong><em>δα·</em></strong></span> 
     </span>
     <span class='ocr_line' id='line_1_10' title="bbox 311 1444 1260 1535; baseline 0 -19"><span class='ocrx_word' id='word_1_69' title='bbox 311 1457 499 1535; x_wconf 73' lang='grc' dir='ltr'><strong><em>νεύσαντας,</em></strong></span> <span class='ocrx_word' id='word_1_70' title='bbox 512 1444 591 1534; x_wconf 54' lang='grc' dir='ltr'><strong><em>οἶςιή</em></strong></span> <span class='ocrx_word' id='word_1_71' title='bbox 603 1445 778 1532; x_wconf 88' lang='grc' dir='ltr'><strong><em>συγγραφή</em></strong></span> <span class='ocrx_word' id='word_1_72' title='bbox 790 1445 919 1514; x_wconf 82' lang='grc' dir='ltr'><strong><em>κελεύει</em></strong></span> <span class='ocrx_word' id='word_1_73' title='bbox 929 1466 967 1513; x_wconf 87' lang='grc' dir='ltr'><strong><em>σε</em></strong></span> <span class='ocrx_word' id='word_1_74' title='bbox 976 1451 1110 1533; x_wconf 85' lang='grc' dir='ltr'><strong><em>ἐμφαυή.</em></strong></span> <span class='ocrx_word' id='word_1_75' title='bbox 1119 1450 1174 1516; x_wconf 80' lang='grc' dir='ltr'><strong><em>καὶ</em></strong></span> <span class='ocrx_word' id='word_1_76' title='bbox 1185 1446 1260 1516; x_wconf 84' lang='grc' dir='ltr'><strong><em>ἀνέ-</em></strong></span> 
     </span>
     <span class='ocr_line' id='line_1_11' title="bbox 310 1543 1261 1636; baseline -0.001 -19"><span class='ocrx_word' id='word_1_77' title='bbox 310 1574 425 1636; x_wconf 89' lang='grc' dir='ltr'><strong><em>παφον</em></strong></span> <span class='ocrx_word' id='word_1_78' title='bbox 434 1548 495 1633; x_wconf 84' lang='grc' dir='ltr'><strong><em>τήν</em></strong></span> <span class='ocrx_word' id='word_1_79' title='bbox 505 1555 593 1615; x_wconf 91' lang='grc' dir='ltr'><strong><em>ναῦν</em></strong></span> <span class='ocrx_word' id='word_1_80' title='bbox 603 1549 774 1633; x_wconf 83' lang='grc' dir='ltr'><strong><em>παρέχειν,</em></strong></span> <span class='ocrx_word' id='word_1_81' title='bbox 796 1548 851 1614; x_wconf 84' lang='grc' dir='ltr'><strong><em>καὶ</em></strong></span> <span class='ocrx_word' id='word_1_82' title='bbox 862 1543 954 1613; x_wconf 87' lang='grc' dir='ltr'><strong><em>ταῦτ’</em></strong></span> <span class='ocrx_word' id='word_1_83' title='bbox 969 1543 1154 1625; x_wconf 81' lang='grc' dir='ltr'><strong><em>ἀξιούντων</em></strong></span> <span class='ocrx_word' id='word_1_84' title='bbox 1164 1545 1261 1634; x_wconf 79' lang='grc' dir='ltr'><strong><em>ήμῶν</em></strong></span> 
     </span>
     <span class='ocr_line' id='line_1_12' title="bbox 267 1641 1335 1733; baseline -0.002 -17"><span class='ocrx_word' id='word_1_85' title='bbox 267 1673 301 1726; x_wconf 86' lang='lat'><strong><em>41</em></strong></span> <span class='ocrx_word' id='word_1_86' title='bbox 312 1651 366 1716; x_wconf 74' lang='grc' dir='ltr'><strong><em>καὶ</em></strong></span> <span class='ocrx_word' id='word_1_87' title='bbox 375 1651 675 1733; x_wconf 85' lang='grc' dir='ltr'><strong><em>προκαλεσαμένων</em></strong></span> <span class='ocrx_word' id='word_1_88' title='bbox 684 1666 721 1712; x_wconf 88' lang='grc' dir='ltr'><strong><em>σε</em></strong></span> <span class='ocrx_word' id='word_1_89' title='bbox 729 1641 983 1724; x_wconf 74' lang='grc' dir='ltr'><strong><em>πολλάκιςςάλλ</em></strong></span> <span class='ocrx_word' id='word_1_90' title='bbox 994 1641 1101 1722; x_wconf 78' lang='grc' dir='ltr'><strong><em>οὕτως</em></strong></span> <span class='ocrx_word' id='word_1_91' title='bbox 1110 1641 1261 1729; x_wconf 84' lang='grc' dir='ltr'><strong><em>ἀνδρεῖος</em></strong></span> <span class='ocrx_word' id='word_1_92' title='bbox 1267 1667 1335 1722; x_wconf 74' lang='lat'>1295·</span> 
     </span>
     <span class='ocr_line' id='line_1_13' title="bbox 313 1741 1261 1833; baseline -0.003 -19"><span class='ocrx_word' id='word_1_93' title='bbox 313 1747 356 1833; x_wconf 80' lang='grc' dir='ltr'><strong><em>εἷ,</em></strong></span> <span class='ocrx_word' id='word_1_94' title='bbox 379 1753 505 1831; x_wconf 83' lang='grc' dir='ltr'><strong><em>μᾶλλον</em></strong></span> <span class='ocrx_word' id='word_1_95' title='bbox 526 1744 559 1810; x_wconf 89' lang='grc' dir='ltr'><strong><em>δ’</em></strong></span> <span class='ocrx_word' id='word_1_96' title='bbox 581 1741 816 1828; x_wconf 86' lang='grc' dir='ltr'><strong><em>ἀναίσχυντος,</em></strong></span> <span class='ocrx_word' id='word_1_97' title='bbox 841 1741 925 1815; x_wconf 74' lang='grc' dir='ltr'><strong><em>ὥστε</em></strong></span> <span class='ocrx_word' id='word_1_98' title='bbox 940 1745 976 1810; x_wconf 86' lang='grc' dir='ltr'><strong><em>ἐκ</em></strong></span> <span class='ocrx_word' id='word_1_99' title='bbox 990 1749 1048 1829; x_wconf 82' lang='grc' dir='ltr'><strong><em>τῆς</em></strong></span> <span class='ocrx_word' id='word_1_100' title='bbox 1066 1754 1261 1832; x_wconf 76' lang='grc' dir='ltr'><strong><em>συγγραφῆς</em></strong></span> 
     </span>
     <span class='ocr_line' id='line_1_14' title="bbox 313 1839 1260 1931; baseline 0 -19"><span class='ocrx_word' id='word_1_101' title='bbox 313 1843 458 1930; x_wconf 85' lang='grc' dir='ltr'><strong><em>ὀφείλων</em></strong></span> <span class='ocrx_word' id='word_1_102' title='bbox 473 1841 552 1928; x_wconf 80' lang='grc' dir='ltr'><strong><em>ἡμῖν</em></strong></span> <span class='ocrx_word' id='word_1_103' title='bbox 570 1843 727 1910; x_wconf 89' lang='grc' dir='ltr'><strong><em>διπλάσια</em></strong></span> <span class='ocrx_word' id='word_1_104' title='bbox 742 1840 783 1908; x_wconf 89' lang='grc' dir='ltr'><strong><em>τά</em></strong></span> <span class='ocrx_word' id='word_1_105' title='bbox 794 1842 942 1928; x_wconf 85' lang='grc' dir='ltr'><strong><em>χρήματα</em></strong></span> <span class='ocrx_word' id='word_1_106' title='bbox 954 1839 1016 1909; x_wconf 91' lang='grc' dir='ltr'><strong><em>ούκ</em></strong></span> <span class='ocrx_word' id='word_1_107' title='bbox 1027 1851 1088 1909; x_wconf 79' lang='grc' dir='ltr'><strong><em>ολει</em></strong></span> <span class='ocrx_word' id='word_1_108' title='bbox 1101 1846 1173 1912; x_wconf 73' lang='grc' dir='ltr'><strong><em>δεῖν</em></strong></span> <span class='ocrx_word' id='word_1_109' title='bbox 1183 1841 1260 1931; x_wconf 75' lang='grc' dir='ltr'><strong><em>ούδὲ</em></strong></span> 
     </span>
     <span class='ocr_line' id='line_1_15' title="bbox 220 1937 1260 2026; baseline 0.002 -16"><span class='ocrx_word' id='word_1_110' title='bbox 220 1984 221 1990; x_wconf 44' lang='lat'>1</span> <span class='ocrx_word' id='word_1_111' title='bbox 311 1940 390 2019; x_wconf 88' lang='grc' dir='ltr'><strong><em>τούς</em></strong></span> <span class='ocrx_word' id='word_1_112' title='bbox 408 1940 525 2017; x_wconf 85' lang='grc' dir='ltr'><strong><em>τόκους</em></strong></span> <span class='ocrx_word' id='word_1_113' title='bbox 540 1937 618 2017; x_wconf 87' lang='grc' dir='ltr'><strong><em>τούς</em></strong></span> <span class='ocrx_word' id='word_1_114' title='bbox 633 1944 850 2026; x_wconf 81' lang='grc' dir='ltr'><strong><em>γιγνομένους</em></strong></span> <span class='ocrx_word' id='word_1_115' title='bbox 861 1940 1063 2026; x_wconf 89' lang='grc' dir='ltr'><strong><em>ἀποδοῦναι,</em></strong></span> <span class='ocrx_word' id='word_1_116' title='bbox 1086 1938 1260 2023; x_wconf 85' lang='grc' dir='ltr'><strong><em>ἀλλάτούς</em></strong></span> 
     </span>
     <span class='ocr_line' id='line_1_16' title="bbox 200 2036 1258 2127; baseline 0.002 -19"><span class='ocrx_word' id='word_1_117' title='bbox 200 2089 205 2097; x_wconf 88' lang='lat'><strong>·</strong></span> <span class='ocrx_word' id='word_1_118' title='bbox 312 2038 475 2119; x_wconf 85' lang='grc' dir='ltr'><strong><em>εέςῬάδον</em></strong></span> <span class='ocrx_word' id='word_1_119' title='bbox 486 2039 697 2125; x_wconf 81' lang='grc' dir='ltr'><strong><em>προστάττεις</em></strong></span> <span class='ocrx_word' id='word_1_120' title='bbox 707 2036 898 2124; x_wconf 79' lang='grc' dir='ltr'><strong><em>ἀπολαβεῖν,</em></strong></span> <span class='ocrx_word' id='word_1_121' title='bbox 910 2038 1021 2127; x_wconf 76' lang='grc' dir='ltr'><strong><em>ὥσπερ</em></strong></span> <span class='ocrx_word' id='word_1_122' title='bbox 1032 2037 1069 2107; x_wconf 90' lang='grc' dir='ltr'><strong><em>τδ</em></strong></span> <span class='ocrx_word' id='word_1_123' title='bbox 1081 2037 1143 2107; x_wconf 91' lang='grc' dir='ltr'><strong><em>σδν</em></strong></span> <span class='ocrx_word' id='word_1_124' title='bbox 1153 2040 1258 2126; x_wconf 85' lang='grc' dir='ltr'><strong><em>πρόσ-</em></strong></span> 
     </span>
     <span class='ocr_line' id='line_1_17' title="bbox 310 2137 1260 2224; baseline 0.002 -19"><span class='ocrx_word' id='word_1_125' title='bbox 310 2144 483 2223; x_wconf 84' lang='grc' dir='ltr'><strong><em>ταγματής</em></strong></span> <span class='ocrx_word' id='word_1_126' title='bbox 494 2143 687 2222; x_wconf 81' lang='grc' dir='ltr'><strong><em>συγγραφῆς</em></strong></span> <span class='ocrx_word' id='word_1_127' title='bbox 698 2139 775 2223; x_wconf 83' lang='grc' dir='ltr'><strong><em>δέον</em></strong></span> <span class='ocrx_word' id='word_1_128' title='bbox 786 2137 990 2224; x_wconf 79' lang='grc' dir='ltr'><strong><em>κυριώτερον</em></strong></span> <span class='ocrx_word' id='word_1_129' title='bbox 1007 2143 1183 2224; x_wconf 80' lang='grc' dir='ltr'><strong><em>γενέσθαι,</em></strong></span> <span class='ocrx_word' id='word_1_130' title='bbox 1204 2142 1260 2208; x_wconf 77' lang='grc' dir='ltr'><strong><em>καλ</em></strong></span> 
     </span>
     <span class='ocr_line' id='line_1_18' title="bbox 309 2233 1256 2325; baseline 0.003 -22"><span class='ocrx_word' id='word_1_131' title='bbox 309 2243 431 2323; x_wconf 77' lang='grc' dir='ltr'><strong><em>τολμᾷς</em></strong></span> <span class='ocrx_word' id='word_1_132' title='bbox 446 2238 554 2319; x_wconf 82' lang='grc' dir='ltr'><strong><em>λέγειν</em></strong></span> <span class='ocrx_word' id='word_1_133' title='bbox 572 2233 616 2314; x_wconf 82' lang='grc' dir='ltr'><strong><em>ὡς</em></strong></span> <span class='ocrx_word' id='word_1_134' title='bbox 632 2233 695 2304; x_wconf 89' lang='grc' dir='ltr'><strong><em>ούκ</em></strong></span> <span class='ocrx_word' id='word_1_135' title='bbox 712 2236 824 2320; x_wconf 76' lang='grc' dir='ltr'><strong><em>ἐσύθη</em></strong></span> <span class='ocrx_word' id='word_1_136' title='bbox 840 2235 860 2322; x_wconf 86' lang='grc' dir='ltr'><strong><em>ή</em></strong></span> <span class='ocrx_word' id='word_1_137' title='bbox 879 2245 962 2315; x_wconf 87' lang='grc' dir='ltr'><strong><em>ναῦς</em></strong></span> <span class='ocrx_word' id='word_1_138' title='bbox 976 2243 1022 2316; x_wconf 85' lang='grc' dir='ltr'><strong><em>εἰς</em></strong></span> <span class='ocrx_word' id='word_1_139' title='bbox 1032 2235 1256 2325; x_wconf 84' lang='grc' dir='ltr'><strong><em>τδνΠειραιά·</em></strong></span> 
     </span>
     <span class='ocr_line' id='line_1_19' title="bbox 267 2325 1257 2421; baseline 0.003 -19"><span class='ocrx_word' id='word_1_140' title='bbox 267 2348 302 2402; x_wconf 77' lang='lat'><strong><em>42</em></strong></span> <span class='ocrx_word' id='word_1_141' title='bbox 311 2331 364 2419; x_wconf 84' lang='grc' dir='ltr'><strong><em>ἐφ’</em></strong></span> <span class='ocrx_word' id='word_1_142' title='bbox 384 2325 412 2421; x_wconf 71' lang='grc' dir='ltr'><em>ᾧ</em></span> <span class='ocrx_word' id='word_1_143' title='bbox 430 2338 563 2413; x_wconf 85' lang='grc' dir='ltr'><strong><em>δικαίως</em></strong></span> <span class='ocrx_word' id='word_1_144' title='bbox 580 2330 624 2402; x_wconf 84' lang='grc' dir='ltr'><strong><em>ἀν</em></strong></span> <span class='ocrx_word' id='word_1_145' title='bbox 640 2331 826 2415; x_wconf 79' lang='grc' dir='ltr'><strong><em>ἀποθάνοις</em></strong></span> <span class='ocrx_word' id='word_1_146' title='bbox 838 2333 903 2402; x_wconf 87' lang='grc' dir='ltr'><strong><em>ύπδ</em></strong></span> <span class='ocrx_word' id='word_1_147' title='bbox 914 2343 983 2404; x_wconf 77' lang='grc' dir='ltr'><strong><em>τῶν</em></strong></span> <span class='ocrx_word' id='word_1_148' title='bbox 994 2342 1167 2405; x_wconf 74' lang='grc' dir='ltr'><strong><em>δικαστῶν.</em></strong></span> <span class='ocrx_word' id='word_1_149' title='bbox 1202 2334 1257 2406; x_wconf 84' lang='grc' dir='ltr'><strong><em>διά</em></strong></span> 
     </span>
     <span class='ocr_line' id='line_1_20' title="bbox 310 2426 1258 2525; baseline 0.004 -23"><span class='ocrx_word' id='word_1_150' title='bbox 310 2430 455 2519; x_wconf 23' lang='grc' dir='ltr'><strong><em>τίνα-γάρ</em></strong></span> <span class='ocrx_word' id='word_1_151' title='bbox 466 2431 578 2519; x_wconf 89' lang='grc' dir='ltr'><strong><em>ἀλλον,</em></strong></span> <span class='ocrx_word' id='word_1_152' title='bbox 591 2426 744 2520; x_wconf 80' lang='grc' dir='ltr'><strong><em>ύάνδρες</em></strong></span> <span class='ocrx_word' id='word_1_153' title='bbox 753 2438 913 2522; x_wconf 79' lang='grc' dir='ltr'><strong><em>δικασταὶ,</em></strong></span> <span class='ocrx_word' id='word_1_154' title='bbox 925 2433 967 2503; x_wconf 89' lang='grc' dir='ltr'><strong><em>ού</em></strong></span> <span class='ocrx_word' id='word_1_155' title='bbox 975 2436 1165 2525; x_wconf 81' lang='grc' dir='ltr'><strong><em>σέσωσταιή</em></strong></span> <span class='ocrx_word' id='word_1_156' title='bbox 1175 2445 1258 2516; x_wconf 86' lang='grc' dir='ltr'><strong><em>ναῦς</em></strong></span> 
     </span>
     <span class='ocr_line' id='line_1_21' title="bbox 311 2530 1258 2622; baseline 0.001 -21"><span class='ocrx_word' id='word_1_157' title='bbox 311 2530 590 2617; x_wconf 78' lang='grc' dir='ltr'><strong><em>εέςτδνΠειραιάς</em></strong></span> <span class='ocrx_word' id='word_1_158' title='bbox 609 2534 750 2618; x_wconf 89' lang='grc' dir='ltr'><strong><em>πότερον</em></strong></span> <span class='ocrx_word' id='word_1_159' title='bbox 761 2532 807 2601; x_wconf 83' lang='grc' dir='ltr'><strong><em>δι’</em></strong></span> <span class='ocrx_word' id='word_1_160' title='bbox 818 2533 905 2621; x_wconf 80' lang='grc' dir='ltr'><strong><em>ἡμᾶς</em></strong></span> <span class='ocrx_word' id='word_1_161' title='bbox 915 2535 993 2615; x_wconf 86' lang='grc' dir='ltr'><strong><em>τούς</em></strong></span> <span class='ocrx_word' id='word_1_162' title='bbox 1003 2535 1186 2622; x_wconf 88' lang='grc' dir='ltr'><strong><em>διαρρήδην</em></strong></span> <span class='ocrx_word' id='word_1_163' title='bbox 1197 2540 1258 2604; x_wconf 89' lang='grc' dir='ltr'><strong><em>δα-</em></strong></span> 
     </span>
     <span class='ocr_line' id='line_1_22' title="bbox 310 2630 1258 2721; baseline 0.004 -23"><span class='ocrx_word' id='word_1_164' title='bbox 310 2638 481 2711; x_wconf 83' lang='grc' dir='ltr'><strong><em>νείσαντας</em></strong></span> <span class='ocrx_word' id='word_1_165' title='bbox 500 2640 545 2712; x_wconf 77' lang='grc' dir='ltr'><strong><em>εἰς</em></strong></span> <span class='ocrx_word' id='word_1_166' title='bbox 555 2641 726 2718; x_wconf 74' lang='grc' dir='ltr'><strong><em>Αἴγυπτον</em></strong></span> <span class='ocrx_word' id='word_1_167' title='bbox 739 2636 795 2701; x_wconf 78' lang='grc' dir='ltr'><strong><em>καὶ</em></strong></span> <span class='ocrx_word' id='word_1_168' title='bbox 807 2640 853 2712; x_wconf 82' lang='grc' dir='ltr'><strong><em>εἰς</em></strong></span> <span class='ocrx_word' id='word_1_169' title='bbox 861 2631 1016 2720; x_wconf 78' lang='grc' dir='ltr'><strong><em>Ἀθήνας,</em></strong></span> <span class='ocrx_word' id='word_1_170' title='bbox 1038 2630 1061 2721; x_wconf 85' lang='grc' dir='ltr'><strong><em>ή</em></strong></span> <span class='ocrx_word' id='word_1_171' title='bbox 1072 2632 1125 2701; x_wconf 85' lang='grc' dir='ltr'><strong><em>διά</em></strong></span> <span class='ocrx_word' id='word_1_172' title='bbox 1137 2643 1258 2703; x_wconf 88' lang='grc' dir='ltr'><strong><em>τοῦτον</em></strong></span> 
     </span>
     <span class='ocr_line' id='line_1_23' title="bbox 310 2729 1259 2819; baseline 0.001 -20"><span class='ocrx_word' id='word_1_173' title='bbox 310 2733 365 2799; x_wconf 79' lang='grc' dir='ltr'><strong><em>καὶ</em></strong></span> <span class='ocrx_word' id='word_1_174' title='bbox 375 2730 435 2799; x_wconf 86' lang='grc' dir='ltr'><strong><em>τὸν</em></strong></span> <span class='ocrx_word' id='word_1_175' title='bbox 444 2729 609 2800; x_wconf 89' lang='grc' dir='ltr'><strong><em>κοινωνδν</em></strong></span> <span class='ocrx_word' id='word_1_176' title='bbox 620 2729 735 2816; x_wconf 83' lang='grc' dir='ltr'><strong><em>αὐτοῦ,</em></strong></span> <span class='ocrx_word' id='word_1_177' title='bbox 743 2737 780 2799; x_wconf 79' lang='grc' dir='ltr'><strong><em>οἳ</em></strong></span> <span class='ocrx_word' id='word_1_178' title='bbox 788 2734 841 2801; x_wconf 83' lang='grc' dir='ltr'><strong><em>ἐπὶ</em></strong></span> <span class='ocrx_word' id='word_1_179' title='bbox 849 2735 983 2812; x_wconf 88' lang='grc' dir='ltr'><strong><em>ταύταις</em></strong></span> <span class='ocrx_word' id='word_1_180' title='bbox 993 2746 1063 2811; x_wconf 84' lang='grc' dir='ltr'><strong><em>ταῖς</em></strong></span> <span class='ocrx_word' id='word_1_181' title='bbox 1072 2730 1259 2819; x_wconf 83' lang='grc' dir='ltr'><strong><em>ὁμολογίαις</em></strong></span> 
     </span>
     <span class='ocr_line' id='line_1_24' title="bbox 311 2823 1258 2921; baseline 0.002 -23"><span class='ocrx_word' id='word_1_182' title='bbox 311 2828 558 2914; x_wconf 77' lang='grc' dir='ltr'><strong><em>δανεισάμενοι,</em></strong></span> <span class='ocrx_word' id='word_1_183' title='bbox 580 2829 635 2915; x_wconf 88' lang='grc' dir='ltr'><strong><em>ἐφ’</em></strong></span> <span class='ocrx_word' id='word_1_184' title='bbox 654 2823 685 2921; x_wconf 76' lang='grc' dir='ltr'><strong><em>ᾦ,</em></strong></span> <span class='ocrx_word' id='word_1_185' title='bbox 701 2857 736 2898; x_wconf 88' lang='grc' dir='ltr'><strong><em>τε</em></strong></span> <span class='ocrx_word' id='word_1_186' title='bbox 752 2840 930 2900; x_wconf 81' lang='grc' dir='ltr'><strong><em>καταπλεῖν</em></strong></span> <span class='ocrx_word' id='word_1_187' title='bbox 938 2831 1112 2919; x_wconf 79' lang='grc' dir='ltr'><strong><em>Ἀθήναζε,</em></strong></span> <span class='ocrx_word' id='word_1_188' title='bbox 1135 2830 1258 2911; x_wconf 82' lang='grc' dir='ltr'><strong><em>εέςῬό-</em></strong></span> 
     </span>
     <span class='ocr_line' id='line_1_25' title="bbox 309 2927 1258 3015; baseline 0.002 -18"><span class='ocrx_word' id='word_1_189' title='bbox 309 2933 371 2997; x_wconf 90' lang='grc' dir='ltr'><strong><em>δον</em></strong></span> <span class='ocrx_word' id='word_1_190' title='bbox 391 2928 578 3015; x_wconf 82' lang='grc' dir='ltr'><strong><em>κατήγαγον</em></strong></span> <span class='ocrx_word' id='word_1_191' title='bbox 597 2927 659 3014; x_wconf 90' lang='grc' dir='ltr'><strong><em>τήν</em></strong></span> <span class='ocrx_word' id='word_1_192' title='bbox 678 2937 781 3010; x_wconf 80' lang='grc' dir='ltr'><strong><em>ναῦν;</em></strong></span> <span class='ocrx_word' id='word_1_193' title='bbox 806 2929 858 2998; x_wconf 83' lang='grc' dir='ltr'><strong><em>ὅτι</em></strong></span> <span class='ocrx_word' id='word_1_194' title='bbox 875 2929 905 2997; x_wconf 91' lang='grc' dir='ltr'><strong><em>δ’</em></strong></span> <span class='ocrx_word' id='word_1_195' title='bbox 926 2932 1056 3010; x_wconf 84' lang='grc' dir='ltr'><strong><em>ἑκόντες</em></strong></span> <span class='ocrx_word' id='word_1_196' title='bbox 1073 2935 1128 2999; x_wconf 78' lang='grc' dir='ltr'><strong><em>καὶ</em></strong></span> <span class='ocrx_word' id='word_1_197' title='bbox 1144 2930 1208 2999; x_wconf 90' lang='grc' dir='ltr'><strong><em>ούκ</em></strong></span> <span class='ocrx_word' id='word_1_198' title='bbox 1224 2934 1258 3011; x_wconf 82' lang='grc' dir='ltr'><strong><em>ἐξ</em></strong></span> 
     </span>
     <span class='ocr_line' id='line_1_26' title="bbox 266 3025 1257 3117; baseline 0.002 -20"><span class='ocrx_word' id='word_1_199' title='bbox 266 3043 301 3097; x_wconf 81' lang='grc'><strong><em>43</em></strong></span> <span class='ocrx_word' id='word_1_200' title='bbox 310 3025 457 3114; x_wconf 87' lang='grc' dir='ltr'><strong><em>ἀνάγκης</em></strong></span> <span class='ocrx_word' id='word_1_201' title='bbox 472 3025 567 3094; x_wconf 83' lang='grc' dir='ltr'><strong><em>ταῦτ’</em></strong></span> <span class='ocrx_word' id='word_1_202' title='bbox 578 3032 738 3115; x_wconf 79' lang='grc' dir='ltr'><strong><em>ἔπραξαν,</em></strong></span> <span class='ocrx_word' id='word_1_203' title='bbox 759 3034 795 3096; x_wconf 89' lang='grc' dir='ltr'><strong><em>ἐκ</em></strong></span> <span class='ocrx_word' id='word_1_204' title='bbox 807 3037 941 3097; x_wconf 78' lang='grc' dir='ltr'><strong><em>πολλῶν</em></strong></span> <span class='ocrx_word' id='word_1_205' title='bbox 952 3036 1064 3116; x_wconf 80' lang='grc' dir='ltr'><strong><em>δῆλον.</em></strong></span> <span class='ocrx_word' id='word_1_206' title='bbox 1096 3037 1127 3098; x_wconf 82' lang='grc' dir='ltr'><strong><em>εί</em></strong></span> <span class='ocrx_word' id='word_1_207' title='bbox 1134 3030 1200 3117; x_wconf 84' lang='grc' dir='ltr'><strong><em>γάρ</em></strong></span> <span class='ocrx_word' id='word_1_208' title='bbox 1212 3029 1257 3110; x_wconf 80' lang='grc' dir='ltr'><strong><em>ιδς</em></strong></span> 
     </span>
     <span class='ocr_line' id='line_1_27' title="bbox 309 3123 1258 3214; baseline 0.002 -21"><span class='ocrx_word' id='word_1_209' title='bbox 309 3124 444 3213; x_wconf 76' lang='grc' dir='ltr'><strong><em>ἀληθῶς</em></strong></span> <span class='ocrx_word' id='word_1_210' title='bbox 460 3123 618 3194; x_wconf 90' lang='grc' dir='ltr'><strong><em>ἀκούσιον</em></strong></span> <span class='ocrx_word' id='word_1_211' title='bbox 634 3125 671 3194; x_wconf 82' lang='grc' dir='ltr'><strong><em>τὸ</em></strong></span> <span class='ocrx_word' id='word_1_212' title='bbox 682 3125 816 3213; x_wconf 83' lang='grc' dir='ltr'><strong><em>συμβάν</em></strong></span> <span class='ocrx_word' id='word_1_213' title='bbox 825 3130 954 3213; x_wconf 83' lang='grc' dir='ltr'><strong><em>ἐγένετο</em></strong></span> <span class='ocrx_word' id='word_1_214' title='bbox 965 3126 1050 3214; x_wconf 78' lang='grc' dir='ltr'><strong><em>καὶή</em></strong></span> <span class='ocrx_word' id='word_1_215' title='bbox 1063 3136 1146 3207; x_wconf 86' lang='grc' dir='ltr'><strong><em>ναῦς</em></strong></span> <span class='ocrx_word' id='word_1_216' title='bbox 1156 3129 1258 3214; x_wconf 83' lang='grc' dir='ltr'><strong><em>ἐρρά-</em></strong></span> 
     </span>
     <span class='ocr_line' id='line_1_28' title="bbox 308 3223 1257 3313; baseline 0.004 -22"><span class='ocrx_word' id='word_1_217' title='bbox 308 3251 368 3310; x_wconf 92' lang='grc' dir='ltr'><strong><em>γη,</em></strong></span> <span class='ocrx_word' id='word_1_218' title='bbox 379 3223 416 3292; x_wconf 89' lang='grc' dir='ltr'><strong><em>τδ</em></strong></span> <span class='ocrx_word' id='word_1_219' title='bbox 428 3223 509 3310; x_wconf 85' lang='grc' dir='ltr'><strong><em>μετά</em></strong></span> <span class='ocrx_word' id='word_1_220' title='bbox 520 3223 624 3309; x_wconf 87' lang='grc' dir='ltr'><strong><em>τοῦτ’,</em></strong></span> <span class='ocrx_word' id='word_1_221' title='bbox 641 3223 750 3311; x_wconf 83' lang='grc' dir='ltr'><strong><em>ἐπειδή</em></strong></span> <span class='ocrx_word' id='word_1_222' title='bbox 763 3226 988 3295; x_wconf 78' lang='grc' dir='ltr'><strong><em>ἐπεσκεύασαν</em></strong></span> <span class='ocrx_word' id='word_1_223' title='bbox 998 3228 1060 3313; x_wconf 92' lang='grc' dir='ltr'><strong><em>τήν</em></strong></span> <span class='ocrx_word' id='word_1_224' title='bbox 1070 3235 1174 3311; x_wconf 90' lang='grc' dir='ltr'><strong><em>ναῦν,</em></strong></span> <span class='ocrx_word' id='word_1_225' title='bbox 1192 3225 1257 3295; x_wconf 85' lang='grc' dir='ltr'><strong><em>ούιι</em></strong></span> 
     </span>
     <span class='ocr_line' id='line_1_29' title="bbox 310 3318 1257 3415; baseline 0.006 -28"><span class='ocrx_word' id='word_1_226' title='bbox 310 3318 353 3415; x_wconf 85' lang='grc' dir='ltr'><strong><em>ἀν</em></strong></span> <span class='ocrx_word' id='word_1_227' title='bbox 370 3328 415 3399; x_wconf 80' lang='grc' dir='ltr'><strong><em>εἰς</em></strong></span> <span class='ocrx_word' id='word_1_228' title='bbox 432 3325 526 3408; x_wconf 78' lang='grc' dir='ltr'><strong><em>ἕτερα</em></strong></span> <span class='ocrx_word' id='word_1_229' title='bbox 541 3322 650 3410; x_wconf 83' lang='grc' dir='ltr'><strong><em>δήπου</em></strong></span> <span class='ocrx_word' id='word_1_230' title='bbox 661 3321 798 3408; x_wconf 86' lang='grc' dir='ltr'><strong><em>ἐμπόρια</em></strong></span> <span class='ocrx_word' id='word_1_231' title='bbox 809 3327 971 3410; x_wconf 79' lang='grc' dir='ltr'><strong><em>ἐμίσθουν</em></strong></span> <span class='ocrx_word' id='word_1_232' title='bbox 982 3322 1101 3410; x_wconf 85' lang='grc' dir='ltr'><strong><em>ιιύτήν,</em></strong></span> <span class='ocrx_word' id='word_1_233' title='bbox 1123 3322 1200 3393; x_wconf 87' lang='grc' dir='ltr'><strong><em>ἀλλ’</em></strong></span> <span class='ocrx_word' id='word_1_234' title='bbox 1212 3323 1257 3404; x_wconf 77' lang='grc' dir='ltr'><strong><em>ὡς</em></strong></span> 
     </span>
     <span class='ocr_line' id='line_1_30' title="bbox 309 3416 1259 3510; baseline 0.003 -22"><span class='ocrx_word' id='word_1_235' title='bbox 309 3416 399 3505; x_wconf 78' lang='grc' dir='ltr'><strong><em>ὑμᾶς</em></strong></span> <span class='ocrx_word' id='word_1_236' title='bbox 412 3418 625 3508; x_wconf 82' lang='grc' dir='ltr'><strong><em>ἀπέστελλον,</em></strong></span> <span class='ocrx_word' id='word_1_237' title='bbox 648 3423 933 3510; x_wconf 69' lang='grc' dir='ltr'><strong><em>ἐπανορθούμενοι</em></strong></span> <span class='ocrx_word' id='word_1_238' title='bbox 950 3422 987 3490; x_wconf 89' lang='grc' dir='ltr'><strong><em>τδ</em></strong></span> <span class='ocrx_word' id='word_1_239' title='bbox 999 3421 1158 3491; x_wconf 91' lang='grc' dir='ltr'><strong><em>ἀκούσιον</em></strong></span> <span class='ocrx_word' id='word_1_240' title='bbox 1170 3422 1259 3510; x_wconf 66' lang='grc' dir='ltr'><strong><em>σύμ</em></strong></span> 
     </span>
     <span class='ocr_line' id='line_1_31' title="bbox 310 3517 1259 3608; baseline 0.002 -21"><span class='ocrx_word' id='word_1_241' title='bbox 310 3544 435 3604; x_wconf 89' lang='grc' dir='ltr'><strong><em>πτωμα.</em></strong></span> <span class='ocrx_word' id='word_1_242' title='bbox 467 3526 534 3585; x_wconf 92' lang='grc' dir='ltr'><strong><em>νῦν</em></strong></span> <span class='ocrx_word' id='word_1_243' title='bbox 544 3518 576 3586; x_wconf 90' lang='grc' dir='ltr'><strong><em>δ’</em></strong></span> <span class='ocrx_word' id='word_1_244' title='bbox 588 3517 649 3606; x_wconf 82' lang='grc' dir='ltr'><strong><em>οὐχ</em></strong></span> <span class='ocrx_word' id='word_1_245' title='bbox 660 3517 749 3600; x_wconf 82' lang='grc' dir='ltr'><strong><em>ὅπως</em></strong></span> <span class='ocrx_word' id='word_1_246' title='bbox 760 3521 1064 3607; x_wconf 78' lang='grc' dir='ltr'><strong><em>ἐπηνωρθώσαντο,</em></strong></span> <span class='ocrx_word' id='word_1_247' title='bbox 1079 3519 1163 3589; x_wconf 86' lang='grc' dir='ltr'><strong><em>ἀλλά</em></strong></span> <span class='ocrx_word' id='word_1_248' title='bbox 1175 3518 1259 3608; x_wconf 85' lang='grc' dir='ltr'><strong><em>πρδς</em></strong></span> 
     </span>
     <span class='ocr_line' id='line_1_32' title="bbox 311 3614 1259 3706; baseline 0 -20"><span class='ocrx_word' id='word_1_249' title='bbox 311 3634 377 3697; x_wconf 79' lang='grc' dir='ltr'><strong><em>τοῖς</em></strong></span> <span class='ocrx_word' id='word_1_250' title='bbox 388 3620 425 3697; x_wconf 71' lang='grc' dir='ltr'><strong><em>,ἐξ</em></strong></span> <span class='ocrx_word' id='word_1_251' title='bbox 437 3614 543 3703; x_wconf 77' lang='grc' dir='ltr'><strong><em>ἀρχῆς</em></strong></span> <span class='ocrx_word' id='word_1_252' title='bbox 560 3617 736 3706; x_wconf 84' lang='grc' dir='ltr'><strong><em>ἀδικήμασι</em></strong></span> <span class='ocrx_word' id='word_1_253' title='bbox 754 3627 867 3706; x_wconf 75' lang='grc' dir='ltr'><strong><em>πολλῷ</em></strong></span> <span class='ocrx_word' id='word_1_254' title='bbox 879 3625 975 3704; x_wconf 81' lang='grc' dir='ltr'><strong><em>μείζω</em></strong></span> <span class='ocrx_word' id='word_1_255' title='bbox 988 3619 1259 3706; x_wconf 84' lang='grc' dir='ltr'><strong><em>προσεξημαρτή-</em></strong></span> 
     </span>
     <span class='ocr_line' id='line_1_33' title="bbox 310 3714 1259 3804; baseline -0.001 -19"><span class='ocrx_word' id='word_1_256' title='bbox 310 3737 403 3803; x_wconf 88' lang='grc' dir='ltr'><strong><em>κασι,</em></strong></span> <span class='ocrx_word' id='word_1_257' title='bbox 418 3718 473 3784; x_wconf 75' lang='grc' dir='ltr'><strong><em>καὶ</em></strong></span> <span class='ocrx_word' id='word_1_258' title='bbox 484 3714 593 3804; x_wconf 74' lang='grc' dir='ltr'><strong><em>ὥσπερ</em></strong></span> <span class='ocrx_word' id='word_1_259' title='bbox 605 3720 656 3787; x_wconf 76' lang='grc' dir='ltr'><strong><em>ἐπὶ</em></strong></span> <span class='ocrx_word' id='word_1_260' title='bbox 667 3721 865 3804; x_wconf 78' lang='grc' dir='ltr'><strong><em>καταγέλωτι</em></strong></span> <span class='ocrx_word' id='word_1_261' title='bbox 876 3720 1119 3796; x_wconf 87' lang='grc' dir='ltr'><strong><em>ἀντιδικοῦντες</em></strong></span> <span class='ocrx_word' id='word_1_262' title='bbox 1129 3718 1259 3802; x_wconf 83' lang='grc' dir='ltr'><strong><em>εἰσελη-</em></strong></span> 
     </span>
    </p>
   </div>
   <div class='ocr_carea' id='block_1_4' title="bbox 0 0 1586 4409">
    <p class='ocr_par' dir='ltr' id='par_1_4' title="bbox 0 0 1586 4409">
     <span class='ocr_line' id='line_1_34' title="bbox 0 0 1586 4409; baseline 0 0"><span class='ocrx_word' id='word_1_263' title='bbox 0 0 1586 4409; x_wconf 95' lang='lat' dir='ltr'><strong><em> </em></strong></span> 
     </span>
    </p>
   </div>
  </div>
 </body>
</html>
