3159 4409
204 541 207 546 .
313 487 355 557 32
518 488 608 550 XLIII.
645 483 1061 545 ΔΗΜΟΣΘΕΝΟῬΣ

313 643 396 715 κατὰ
414 641 493 724 τὀδς
511 645 636 731 νόμους
646 641 725 722 τοὺς
736 640 917 728 ὑμετέρους
925 648 970 721 είς
979 643 1039 711 τδν
1049 642 1262 730 Εὐβουλίδου

313 743 421 830 οἷκον,
443 738 466 829 6
483 740 526 821 ὡς
542 739 766 826 ὁθεόπομπος
784 739 802 808 δ
817 744 948 809 τουτουί
959 741 1065 828 πατὴρ
1075 742 1262 828 Μακαρτοί·

302 849 372 911 Ιτου
383 845 420 910 έκ
430 849 492 910 τοῦ
502 850 597 909 οίκου
607 832 652 927 ἦν
661 848 722 907 τοῦ
727 837 870 926 Ἁγνίου.
894 841 1022 910 τούτων
1034 841 1094 909 ὅτι
1105 841 1265 929 βούλεταί

243 932 246 937 ’
312 969 360 1020 τις
375 941 615 1028 μαρτυρησάτω
634 936 734 1028 αὐτῷ.
768 937 843 1007 ’ἀλλ’
863 932 902 1007 εὖ
912 939 976 1007 οἷδ’
987 938 1039 1008 ὅτι
1052 937 1160 1018 οὐδεὶς
1171 937 1261 1007 οὕτω

228 1098 229 1103 ,
268 1067 303 1122 42
312 1038 474 1128 τολμηρδς
485 1045 575 1108 ἔσται
586 1035 660 1107 οὐδ’
675 1035 939 1124 ἀπονενοημένος
952 1036 1141 1123 ἅνθρωπος.
1170 1033 1214 1117 ὥς
1226 1033 1262 1105 δὲ

311 1138 497 1224 καταφανὲς
507 1134 587 1222 ὑμῖν
597 1142 700 1221 ἔσται,
721 1128 877 1221 οδίίνδρες
889 1138 1052 1219 δικασταὶ,
1066 1133 1161 1203 ὅτιτὸ
1174 1135 1262 1217 πρό-

209 1239 212 1244 ’
311 1264 408 1325 τερον
419 1234 715 1320 ἀναισχυντοῦντες
724 1237 964 1321 περιεγένοντο,
976 1240 1103 1302 δίκαιον
1114 1230 1145 1300 δ’
1155 1230 1262 1300 οὐδὲν
1312 1296 1314 1301 .

312 1343 443 1421 ἔλεγον,
465 1332 692 1418 ἀναγίγνωσκε
712 1333 780 1411 τὰς,
790 1343 987 1419 μαρτυρίας,
1010 1329 1085 1399 ὅσαι
1107 1333 1190 1400 είσλν
1214 1335 1262 1398 ἔτι

313 1432 498 1503 ὑπόλοιποι.

654 1522 913 1584 MAPTYPIAI.

439 1597 613 1719 [Μαρτυρεῖ
623 1612 777 1719 συγγενὴς
775 1615 851 1681 εἶναι
862 1616 1056 1717 Πολέμωνι
1027 1640 1067 1678 τω
1054 1610 1193 1715 Ἀγνίου
1204 1639 1259 1676 πα

353 1701 414 1783 τρι,
435 1695 514 1762 ταδ’
497 1698 617 1762 ακούειν
627 1707 679 1762 τοῦ
689 1695 798 1780 πατρὸς
808 1726 859 1763 του
846 1692 1005 1762 ἕαντοῦ’
987 1677 1128 1775 ανεψιοδς
1140 1694 1243 1760 εἶναι’
1228 1723 1262 1760 εκ

353 1783 566 1865 πατραδέλφων
576 1783 732 1882 Πολέμωνι
746 1779 895 1883 Φίλαγρόν
906 1807 935 1844 τε
945 1776 996 1844 τδν
1008 1778 1193 1863 Εὐβουλίδου
1203 1805 1260 1843 πα·

353 1867 421 1949 τέρα
437 1891 487 1928 και
477 1860 710 1965 Φανοστράτην
728 1859 784 1947 την
795 1869 939 1947 Στρατίου
956 1866 1126 1966 θυγατέρα
1117 1890 1167 1926 και
1158 1865 1261 1928 Καλ-

353 1941 542 2052 λίστρατον
513 1972 567 2010 τον
574 1949 728 2030 πατέρα
692 1973 743 2029 της
749 1953 866 2011 Σωσίου
876 1942 1015 2048 γυναικδς
1025 1950 1075 2012 καλ
1082 1941 1262 2051 Ευκτημονα

353 2026 404 2098 τδν
415 2028 626 2116 βασιλεύσαντα
637 2056 687 2100 και
677 2025 909 2139 Χαρίδημον
882 2056 933 2096 τον
944 2037 1055 2134 πατέρα
1065 2027 1117 2096 τδν
1128 2030 1260 2114 Θεοπόμ-

352 2142 411 2180 που
428 2118 477 2180 καλ
493 2119 724 2224 Στρατοκλέους,
748 2141 799 2178 και
789 2112 891 2179 εἶναι
913 2125 972 2191 τοῖς
992 2113 1096 2180 τούτου
1115 2117 1191 2179 υἱέσι
1210 2116 1261 2178 καλ

347 2197 450 2287 ’ριΑγνί
468 2201 500 2263 ἐν
512 2206 553 2282 τῷ
565 2193 646 2262 οὕτω
656 2201 732 2301 γένει
743 2193 931 2307 Εὐβουλίδην
943 2195 1017 2262 κατὰ
1029 2195 1080 2263 τδν
1089 2200 1200 2283 πατέρα
1210 2194 1262 2262 τδν

353 2267 457 2348 ἑαυτοῦ
471 2264 636 2388 Φίλαγρον,
658 2278 733 2347 κατδι
751 2279 824 2346 δὲ
793 2308 847 2365 την
858 2278 1007 2384 μητέρα
976 2308 1031 2369 την
1042 2285 1148 2347 ἑαυτοῦ
1162 2289 1263 2346 Φυλο-

350 2363 446 2470 μάχην
457 2367 644 2449 νομιζόμενον
654 2361 792 2472 ἆνεψιδν
789 2363 864 2429 εἶναι
874 2360 1074 2468 Εὐβουλίδην
1073 2370 1160 2466 Αγνί
1149 2391 1169 2427 α
1178 2359 1251 2450 πρὸς

350 2446 458 2536 πατρὸς
469 2453 501 2514 ἐκ
510 2455 632 2533 τηθίδος
641 2447 779 2542 γεγονότα
783 2445 933 2536 Αγνία
897 2475 949 2531 της
958 2445 1030 2531 πρὸς
1040 2447 1156 2533 πατρός.

721 2569 853 2626 ΑΛΛΗ.

433 2669 629 2769 Μαρτυροιλσι
646 2668 793 2743 συγγενεῖς
809 2657 885 2722 εἶναι
896 2641 1050 2760 Πολέμωνι
1067 2667 1108 2747 τῷ
1114 2660 1246 2764 πατρὶ
1216 2666 1259 2723 τοδ

345 2739 464 2826 Ἁγνίου
476 2769 525 2805 και
516 2741 715 2842 Φιλάγρῳ
686 2751 727 2806 τῶ
738 2744 827 2824 πατρὶ
837 2768 876 2825 τρι
865 2723 1096 2844 Εὐβουλίδου
1082 2769 1132 2806 και
1124 2740 1256 2847 Ευκτη

351 2852 464 2932 μονι
435 2851 476 2888 τω
463 2806 715 2926 βασιλεύσαντι
735 2851 785 2887 και
776 2827 909 2889 εἰδέναι
927 2821 1106 2932 Εὖκτημονα
1128 2821 1258 2907 ιἰδελφδν

351 2907 423 2973 δντα
433 2904 611 3011 ὁμοπάτριον
625 2906 817 3011 Φιλάγρῳ
775 2934 815 2970 τω
823 2912 954 3011 πατρὶ
925 2936 966 2973 τω
953 2908 1180 3011 Εὐβουλίδου
1204 2913 1257 2974 καί

350 2987 437 3054 δπότε
451 3018 471 3072 η
459 2982 682 3055 ’δπιδικασί
621 2995 651 3054 ία
662 3019 701 3074 ην
711 3017 762 3054 του
750 2973 885 3095 κλήρου
896 3018 948 3057 του
934 2975 1038 3075 ‘Ayvl
1037 3018 1072 3056 ov
1084 2987 1256 3080 Ενβουλίδη
1267 3009 1331 3065 1οΜ

350 3068 423 3176 πρὸς
440 3072 658 3177 Γλαυκωνα,”
641 3101 682 3138 ετι
704 3082 757 3155 ζῆν
762 3069 966 3182 Εὐκτήμονα,
988 3079 1020 3139 ἐκ
1042 3059 1257 3179 πατραδέλφων

326 3170 332 3186 ’
350 3151 477 3238 ἆνεψιδν
488 3157 559 3222 ὅντα
569 3160 763 3262 Πολέμωνι
734 3184 774 3222 τω
762 3156 888 3242 πατρὶ*
884 3163 1013 3262 Αγνίου,
1028 3161 1078 3222 καὶ
1090 3154 1133 3266 66
1143 3154 1255 3241 ἆμφισ-

350 3244 474 3348 βητησαι
487 3236 666 3324 Εὐκτήμονα
678 3223 811 3347 Ειδβδυλί
810 3247 871 3346 δη
864 3268 915 3306 του
934 3240 1044 3327 κλήρου
1061 3268 1113 3307 του
1100 3241 1253 3325 Αγνίου,

350 3327 410 3404 μηδ
436 3323 525 3390 ἄλλον
536 3326 647 3408 μηδένα
658 3351 732 3389 κατα
719 3323 871 3409 γένος’
837 3350 908 3389 τοτε.

716 3445 848 3502 ΑΛΛΗ.

376 3533 672 3618 Μαρτυροῦσι
644 3563 695 3602 τον
707 3533 856 3622 πατέρα
827 3564 879 3602 τον
890 3541 1001 3602 ἑαυτῶν
1010 3537 1170 3622 Στρατωνα
1182 3559 1251 3641 συγ·

347 3642 418 3700 γενη
404 3615 511 3681 εἶναι
527 3623 681 3723 Πολέμωνι
698 3648 739 3684 τω
727 3623 890 3708 πατρλ
861 3629 902 3685 τῶ
916 3619 1033 3724 Ἁγνίου
1056 3648 1106 3686 και
1097 3622 1253 3731 Χαριδή-

347 3726 393 3787 μω
410 3727 451 3789 τρι
438 3705 602 3789 πατρὶ
573 3728 613 3765 τω
601 3685 802 3786 Θεοπδμπου
818 3706 868 3768 καὶ
881 3686 1074 3794 Φιλάγρω
1045 3714 1086 3770 τῶ
1102 3708 1189 3791 πατρὶ
1210 3714 1252 3807 τῶ
