3159 4409
502 496 643 559 ΠΡΟΣ
662 495 1023 559 ΕΥΒΟῬΛΙΔΗΝ.
1176 495 1239 562 249

287 657 347 744 χὰς
363 658 477 743 ἄρχειν
493 652 568 724 οὔθ’
588 654 775 742 ἱερωσύνην
795 662 1005 742 κληροῦσθαι
1025 654 1097 742 μεθ’
1117 659 1237 727 ἑαυτοῦ

290 758 516 842 προκριθέντα
527 764 632 837 εἴασε·
653 752 788 839 καὶγὰρ
806 746 905 833 οὗτος
920 747 964 841 ήν
974 762 1042 824 ταῖν
1053 761 1238 843 κληρουμέ-

289 882 360 923 νων
375 856 430 922 καί
447 857 706 942 προκριθέντων.
738 850 819 922 οῦδέ
832 850 860 940 γ’
879 849 938 937 δν,
961 847 989 923 ό
1004 853 1123 939 ἄνδρες
1137 851 1239 942 Ἀθη-

289 967 394 1038 ναῖοι,
416 953 560 1032 παλαιὸς
572 947 750 1039 όνέχθρδς
766 954 839 1038 ἐμοὶ
849 960 970 1021 τοῦτον
980 952 1042 1022 τόν
1051 953 1171 1040 καιρὸν
1180 979 1240 1022 πε-

289 1053 448 1139 ριέμενεν,
459 1049 500 1120 ὃν
511 1049 620 1130 οὐδεὶς
630 1049 703 1138 ῄδει
712 1051 948 1138 γενησόμενον,
957 1061 1048 1136 είπερ
1059 1077 1092 1120 τι
1104 1053 1241 1140 συνῄδει

248 1158 452 1220 ῖθτοιοῦτον.
498 1149 568 1220 ἀλλ’
590 1147 632 1218 οῦ
653 1148 805 1238 συνῄδει·
838 1150 954 1235 διόπερ
974 1146 1035 1217 τόν
1055 1150 1117 1236 μὲν
1137 1149 1240 1219 ἄλλον

289 1248 419 1319 ἅπαντα
434 1250 566 1336 χρόνον.
578 1246 838 1336 σημαινόμενος
854 1245 920 1334 μετ’
931 1250 1014 1334 ἐμοῦ
1030 1248 1241 1333 καίκληροῦ-

291 1375 390 1436 μενος
402 1347 502 1418 οὐδὲν
512 1346 600 1436 ἕόρα
610 1348 755 1430 τούτων,
767 1344 879 1432 ἐπειδή
891 1344 922 1414 δ’
933 1344 954 1431 ή
966 1345 1063 1425 πόλις
1073 1354 1164 1414 παῖσα
1173 1360 1241 1426 τοῖς

291 1446 437 1533 ἀσελγῶς
455 1448 731 1535 εἰσπεπηδηκόσιν
749 1451 795 1524 είς
811 1443 891 1524 τοὺς
905 1445 1031 1532 δήμους
1048 1444 1240 1533 ὀργιζομένη

290 1547 501 1632 παρώξυντο,
519 1544 699 1632 τηνικαῦτά
710 1571 767 1631 μοι
777 1544 1026 1630 ἐπεβούλευσεν.
1056 1537 1101 1631 ῄν
1113 1543 1145 1613 δ’
1157 1549 1241 1614 έκεῖ-

290 1672 349 1724 νος
360 1645 421 1730 μὲν
432 1642 449 1714 ὁ
461 1644 576 1730 καιρός
590 1653 653 1713 τοῦ
669 1642 862 1722 συνειδότος
878 1640 970 1733 αὑτῷ
980 1643 1110 1731 τάληθῆ
1120 1648 1238 1731 λέγειν,

288 1741 307 1811 ὁ
320 1745 356 1810 δὲ
368 1745 445 1810 νυνὶ
455 1741 573 1827 παρεὸν
585 1745 710 1829 έχθροῦ
720 1744 775 1810 καί
788 1756 1011 1828 συκοφαντεῖν
1021 1747 1239 1830 βουλομένου.

246 1840 356 1926 5οέγώ
368 1833 451 1924 δ’,οδ
464 1839 584 1927 ἄνδρες
595 1843 760 1927 δικασταὶ,
779 1849 853 1920 (καί
860 1867 916 1927 μοι
926 1839 1010 1929 πρὸς
1019 1841 1102 1922 Διὸς
1111 1844 1166 1912 καί
1177 1851 1239 1910 θε-

289 1946 339 2006 ῶν
350 1942 462 2026 μηδείς
477 1939 672 2028 θορυβήσῃ,
693 1937 772 2027 μηδ’
784 1937 834 2025 ἐφ’
848 1931 876 2030 ᾧ
891 1944 1001 2026 μέλλω
1016 1944 1125 2027 λέγειν
1136 1939 1240 2028 ἀχθε-

290 2044 372 2125 σθῄ)
384 2037 528 2123 ἐμαυτόν
542 2038 718 2126 Ἀθηναῖον
734 2037 901 2127 ὑπείληφα
920 2040 1032 2127 ὥσπερ
1048 2039 1144 2128 ὑμῶν
1160 2043 1239 2110 ἕκα-

290 2160 365 2216 στος
377 2137 511 2224 ἑαυτὸν,
534 2141 657 2226 μητέρα
668 2141 702 2220 ἐξ
713 2136 815 2226 ἀρχῆς
827 2145 970 2225 νομίζων
979 2139 1084 2224 ήνπερ
1097 2146 1142 2220 είς
1154 2139 1239 2226 ῦμιῖς

289 2235 475 2322 ἀποφαίνω,
488 2239 542 2305 καὶ
557 2236 618 2324 οὐχ
628 2240 738 2321 ἑτέρας
748 2237 811 2323 μὲν
822 2232 886 2320 όν,
898 2236 1019 2322 ταύτης
1030 2239 1239 2329 δειπροσποι-

289 2336 445 2423 ούμενος·
467 2338 590 2420 πατέρα
601 2337 718 2420 πόλιν,
737 2327 896 2418 ῦῦνδρες
903 2332 1089 2419 Ἀθηναῖοι,
1106 2336 1166 2402 τὸν
1176 2334 1240 2403 αῦ-

247 2445 280 2498 51
289 2433 349 2504 τόν
359 2437 494 2525 τρόπον.
517 2442 624 2503 καίτοι
636 2439 666 2501 εί
675 2445 743 2510 τοῖς
753 2430 1012 2515 ἐξελεγχομένοις
1024 2421 1073 2497 οἷν
1083 2436 1146 2516 μέν
1156 2439 1240 2500 είσιν

290 2532 614 2619 ἀποκρυπτομένοις,
627 2523 676 2599 οἷν
690 2527 721 2598 δ’
736 2527 799 2598 οῦκ
811 2531 871 2596 είσὶ
880 2534 1177 2615 προσποιουμένοις
1188 2535 1240 2598 δί-

288 2660 385 2702 καιον
395 2631 558 2719 ὑπάρχειν
574 2627 647 2716 παρ’
660 2626 740 2715 ὑμῖν
756 2635 855 2697 τοῦτο
867 2640 1004 2713 σημεῖον
1014 2623 1058 2705 ὥς
1069 2628 1131 2696 είσλ
1141 2632 1238 2715 ξένοι,

289 2733 360 2817 έμοῖ
372 2731 481 2817 δήπου
491 2727 688 2799 τούναντίον
700 2724 744 2806 ὡς
755 2729 820 2814 είμῖ
831 2733 973 2812 πολίτης.
1004 2722 1045 2793 οῦ
1055 2724 1120 2813 γὰρ
1134 2721 1177 2794 ἄν
1188 2730 1240 2807 ξέ-

288 2826 753 2915 νηνκαῖξένοντοῦςέμαντοῦ
762 2826 1241 2912 γονέαςέπιγραψόμενοςμετ-

287 2928 375 3011 έχειν
392 2925 506 3011 ἠξίουν
516 2936 574 3014 τῆς
584 2928 727 3007 πόλεως·
747 2923 815 2994 ἀλλ’
823 2935 856 2994 εί
862 2951 894 2993 τι
904 2934 1057 2994 τοιοῦτον
1069 2925 1240 3017 συνῄδειν,

287 3022 414 3112 έζήτησ’
435 3021 478 3093 δν
494 3019 543 3094 οἶν
554 3027 651 3112 φήσω
668 3029 797 3111 γονέων
814 3024 907 3094 εἶναι.
937 3025 1008 3094 ἀλλ’
1020 3023 1061 3093 οῦ
1071 3024 1241 3112 συνῄδειν,

289 3123 406 3207 διόπερ
425 3128 535 3209 μένων
553 3128 605 3193 ἐπὶ
617 3139 685 3204 τοῖς
702 3117 779 3192 οῦσι
791 3130 925 3205 δικαίως
940 3133 1099 3211 γονεῦσιν
1111 3126 1242 3214 ἐμαυτῷ

289 3231 347 3310 τῆς
358 3221 484 3302 πόλεως
493 3227 638 3309 μετέχειν
648 3222 737 3305 ἆξιῦ.
1249 3235 1316 3292 1315

247 3338 281 3391 52
363 3321 433 3389 Ἔτι
451 3327 568 3390 τοίνυν
583 3319 733 3409 ὀρφανὰς
754 3329 997 3408 κατελείφθην,
1022 3324 1078 3390 καῖ
1098 3330 1183 3408 φασί
1199 3349 1239 3409 με

288 3419 524 3507 εῦπορονείναι
534 3425 589 3490 καῖ
599 3429 668 3490 τῶν
677 3421 857 3510 μαρτύρων
867 3423 977 3498 ένίους
988 3416 1240 3507 ὠφελουμένους

287 3547 343 3607 μοι
354 3534 535 3607 μαρτυρεῖν
545 3536 716 3607 συγγενεῖς
725 3519 819 3588 εἶναι.
852 3520 908 3586 καί
919 3516 989 3603 ἅμα
999 3517 1061 3604 μέν
1077 3515 1144 3588 κατ’
1157 3515 1240 3604 ἐμοῦ

285 3622 419 3705 λέγουσι
436 3617 499 3716 τὰς
511 3624 547 3688 έκ
564 3628 623 3706 τῆς
640 3626 755 3698 πενίας
772 3615 904 3698 ἀδοξίας
921 3619 977 3686 καί
999 3620 1073 3704 περί
1088 3616 1126 3686 τό
1143 3620 1240 3702 γένος

286 3719 525 3807 διαβάλλουσιν
531 3771 541 3805 ,
570 3719 639 3808 ἅμα
660 3724 696 3788 δέ
720 3716 758 3787 δι’
784 3714 947 3804 εὐπορίαν
966 3719 1049 3806 φασδ
1070 3717 1178 3784 πάντα
1198 3739 1240 3798 με
