3159 4409
610 482 924 545 ΕΡΩΤΙΚΟΣ.
1182 488 1244 554 331

293 654 374 714 πᾶσι
385 642 459 713 καθ’
472 641 662 730 ὑπερβολήν
672 640 824 727 ἀρέσκειν
838 651 1060 732 συμβέβηκεν.
1083 645 1170 734 δτής
1185 659 1245 737 σης

293 743 411 829 ἀρετῆς
423 755 558 828 σημεῖον
568 743 807 827 ἐναργέστατόν
816 745 915 812 ἐστιν.
934 735 984 811 άν
992 744 1054 829 μέν
1063 743 1127 830 γάρ
1139 751 1245 816 δίκαι-

292 857 333 912 ον
344 845 400 911 καὶ
414 840 541 925 καλὸν,
558 836 667 920 οὐδεὶς
682 839 820 928 άμοιρος
838 838 949 908 αὐτῶν
966 841 1055 928 παρά
1068 849 1131 924 σοῦ
1141 850 1244 913 καθέ-

292 961 428 1027 στηκεν·
452 937 474 1007 δι’
485 937 517 1007 δ’
529 945 575 1018 είς
586 938 747 1025 αἰσχύνην
756 937 846 1026 ήκει,
869 939 999 1008 τούτων
1009 938 1083 1008 οὐδ’
1096 947 1142 1020 εἰς
1153 945 1244 1011 έλπί-

293 1045 334 1107 δα
352 1038 460 1118 οὐδεὶς
476 1043 617 1124 ἔρχεται·
645 1037 810 1126 τοσαύτην
826 1055 894 1128 τοῖς
910 1040 971 1126 μὲν
986 1048 1055 1108 τοῖν
1065 1047 1243 1128 βελτίστων

291 1137 501 1224 ὀρεγομένοις
512 1138 681 1222 ἐξουσίαν,
704 1151 772 1218 τοῖς
793 1136 824 1206 δ’
840 1137 1142 1227 ἀποθρασύνεσθαι
1157 1150 1242 1229 βου-

290 1241 442 1323 λομένοις
462 1234 621 1323 ἀτολμίαν
642 1234 664 1323 ή
688 1234 744 1324 σή·
759 1235 961 1324 σωφροσύνη
982 1239 1239 1323 παρεσκεύακεν.

245 1364 281 1416 21
291 1343 336 1405 ἐτι
346 1346 463 1405 τοίνυν
471 1345 541 1405 τῶν
550 1342 713 1405 πλείστων
722 1340 759 1404 ἐκ
770 1345 828 1422 τῆς
838 1343 977 1422 σιωπῆς,
995 1336 1077 1405 ὅταν
1088 1330 1150 1404 εἶσι
1160 1345 1241 1426 νέοι,

290 1435 420 1523 τὴντής
436 1436 658 1523 σωφροσύνης
674 1436 774 1516 δόξαν
791 1437 999 1522 θηρωμένων
1010 1434 1057 1509 -σύ
1078 1444 1241 1504 τοσούτου

289 1545 330 1626 τῇ
348 1536 449 1622 φύσει
467 1536 676 1622 διενήνοχας,
699 1533 782 1609 ὥστε
804 1538 837 1614 ἐξ
853 1525 902 1602 ὧν
921 1537 1097 1620 λέγειςκαὶ
1118 1531 1241 1620 ὁμιλεῖς

290 1650 358 1714 τοίς
379 1634 616 1726 ἐντυγχάνουσι
641 1633 744 1721 μηδὲν
770 1633 892 1702 ἐλάττω
913 1634 976 1719 τήν
1002 1634 1077 1719 περὶ
1097 1641 1241 1700 σεαυτοῦ

290 1731 445 1814 εὐδοξίαν
461 1729 484 1820 ή
500 1730 555 1801 διά
572 1732 678 1800 πάντα
688 1729 729 1800 τά
740 1733 842 1801 λοιπά.
856 1739 1074 1819 πεποιήσθω·
1096 1732 1239 1820 τοσαύτη

289 1831 398 1900 πειθώ
409 1834 464 1900 καὶ
479 1832 572 1918 χάρις
590 1834 646 1900 καὶ
663 1835 700 1901 έν
710 1828 759 1911 οἷς
775 1832 969 1913 σπουδάζεις
981 1835 1053 1901 ἐστί
1063 1852 1126 1900 σου
1137 1834 1239 1900 καὶέν

289 1927 340 2010 οίς
350 1935 481 2011 παίζεις.
516 1928 645 2022 καλθγάρ
662 1929 790 2018 εὐήθης
804 1927 1042 2018 ἀναμαρτήτως
1058 1932 1114 1999 καί
1130 1931 1238 2010 δεινός
1274 1981 1277 1986 -

288 2028 330 2098 ού
350 2029 527 2116 κακοήθως
552 2031 607 2098 καί
628 2029 866 2115 φιλάνθρωπος
885 2034 1098 2116 ἐλευθερίως,
1122 2034 1179 2100 καί
1199 2029 1248 2105 τὸ.

288 2128 434 2196 σύνολον
458 2135 607 2208 τοιοῦτος
627 2127 659 2197 εἷ
676 2123 746 2211 οἷος
767 2123 811 2197 ἀν
830 2132 863 2210 ἐξ
880 2127 1011 2217 Ἀρετῆς
1032 2129 1105 2209 υίὸς
1117 2129 1237 2214 Ἔρωτι

287 2231 424 2313 γένοιτο.
896 2245 898 2248 ’

242 2361 279 2413 22
375 2326 444 2414 Τήν
455 2335 571 2395 τοίνυν
593 2322 747 2409 ἀνδρείαν
766 2321 858 2407 (οὐδὲ
875 2325 939 2410 γάρ
950 2332 1049 2393 τοῦτο
1062 2325 1157 2404 ἀξιόν
1167 2327 1236 2393 ἐστι

288 2413 501 2512 παραλιπεῖν,
524 2421 585 2510 οὐχ
602 2417 646 2502 ἀς
666 2421 707 2489 ού
725 2419 853 2508 πολλήν
869 2425 1016 2489 ἐπίδοσιν
1034 2421 1173 2508 ἐχούσης
1188 2428 1236 2490 ἐτι

286 2534 344 2612 τῆς
362 2534 421 2612 σῆς
438 2523 585 2610 φύσεως,
607 2525 741 2590 καὶτοῦ
759 2523 936 2607 μέλλοντος
955 2520 1080 2607 χρόνον
1103 2529 1236 2601 πλείους

288 2623 441 2711 ἀφορμάς
457 2620 713 2711 παραδώσοντος
728 2621 841 2706 λόγων
857 2634 925 2700 τοῖς
940 2623 1087 2689 ἐπαινεῖν
1103 2639 1140 2687 σε
1151 2628 1235 2707 βου-

286 2728 453 2810 λομένοις,
475 2720 544 2791 ἀλλ’
557 2719 601 2800 ἀς
617 2728 801 2789 καλλίστων
819 2719 929 2788 ὅντων
944 2728 1013 2789 τῶν
1023 2718 1103 2807 μετά
1114 2719 1235 2807 ταύτης
1242 2737 1310 2792 1408

286 2831 345 2908 τῆς
355 2819 481 2907 ήλικίας
493 2825 652 2907 ἐπαίνων,
674 2824 712 2889 ἐν
727 2812 798 2909 ήτὸ
811 2821 915 2907 μηδὲν
925 2819 1159 2908 ἐξαμαρτάνειν
1168 2835 1236 2898 τοῖς

287 2919 399 2998 ἀλλοις
417 2919 536 2989 εύκτύν
550 2925 629 3000 έστι)
648 2928 712 2987 σοῦ
729 2917 759 2988 δ’
770 2921 824 2987 ἐπὶ
839 2927 974 2988 πολλῶν
989 2921 1050 3006 μέν
1061 2919 1104 2986 άν
1119 2945 1168 2998 τις
1178 2919 1234 2986 καί

286 3020 408 3102 ἑτέρων
418 3016 480 3103 τήν
490 3017 647 3104 ἀνδρείαν
657 3018 793 3102 διέλθοι,
804 3016 943 3103 μάλιστα
956 3017 989 3086 δ’
1000 3022 1052 3087 έπὶ
1062 3027 1120 3106 τῆς
1131 3014 1235 3108 ἀσκή-

241 3140 379 3204 ςςσεως,
390 3109 431 3204 ής
440 3119 495 3185 καί
505 3125 649 3184 πλεῖστοι
658 3119 849 3202 γεγένηνται
858 3118 1030 3204 μάρτυρες.
1062 3114 1187 3201 ἀνάγκη
1200 3113 1233 3182 δ’

286 3227 365 3295 ἴσως
382 3223 517 3299 πρῶτον
533 3219 653 3301 εἰπεῖν,
676 3214 801 3302 ταύτην
815 3214 879 3303 τήν
894 3214 1042 3300 ἀγωνίαν
1063 3211 1107 3293 ἀς
1125 3221 1233 3293 καλῶς

285 3314 451 3404 προείλου.
469 3313 508 3383 τὸ
520 3313 584 3402 γάρ
596 3312 718 3401 ὀρθῶς,
730 3312 750 3384 ὅ
760 3341 792 3383 τι
802 3316 967 3399 πρακτέου
977 3314 1141 3398 ἐστὶ,νέον
1150 3311 1231 3383 ὅντα

286 3417 461 3504 δοκιμάσαι
481 3417 536 3484 καὶ
555 3422 661 3501 ψυχῆς
681 3413 812 3500 ἀγαθῆς
835 3414 890 3481 καί
909 3411 1043 3499 γνάμης
1065 3417 1230 3498 φρονίμου

284 3515 400 3583 κοινόν
421 3519 489 3583 ἐστι
510 3528 660 3601 σημείου·
699 3512 738 3581 δι’
763 3505 813 3580 ὧν
833 3509 1010 3597 οὐδέτερον
1034 3520 1230 3596 παραλιπεῖν

283 3611 378 3692 ἀξιον
388 3613 448 3683 τὸν
458 3622 516 3703 τής
532 3608 750 3701 προαιρέσεως
760 3615 906 3680 ἔπαινον.
941 3615 1100 3691 συνειδιις
1115 3617 1230 3679 τοίνυν

284 3717 354 3778 τοῖν
369 3711 430 3797 μὲν
448 3713 559 3782 ἀλλων
582 3710 785 3798 ἀθλημάτων
803 3712 858 3779 καί
879 3710 1023 3790 δούλους
1041 3713 1096 3779 καί
1115 3714 1229 3790 ξένους
