3159 4409
580 509 725 571 ΚΑΤΑ
744 510 986 578 ΝΕΑΙΡΛΣ.
1190 511 1252 576 2⁹1

309 669 486 756 Εὔβουλον
496 676 729 756 Προβαλίσιον,
737 673 924 769 Διοπείθην
931 661 1254 762 Μελιτέα,Κτήσυνιἰ

309 771 345 836 ἐκ
356 770 545 855 Κεραμέων.
660 814 666 829 ·

659 887 900 949 MAPTYPIA.

392 1008 556 1094 [Εὔβουλος
566 1013 772 1095 Προβαλίσιος,
785 1013 948 1090 Διοπείθης
959 1004 1114 1090 Μελιτεέις,
1131 1009 1254 1094 Κτήσων

350 1095 382 1157 ἐκ
388 1096 546 1177 Κεραμέων
552 1102 759 1178 μαρτυρουσιν,
769 1092 867 1176 ἐπειδὴ
879 1097 914 1156 αί
919 1096 1074 1195 διαλλαγαί
1081 1095 1212 1177 ἐγένοντο
1222 1100 1257 1160 αί

348 1180 414 1261 περί
424 1183 553 1283 Νεαίρας
568 1183 718 1262 Φρυνίωνι
734 1179 785 1241 καί
795 1180 956 1278 Στεφάνῳ,
978 1173 1120 1253 πολλάκις
1139 1182 1252 1243 συνδει-

347 1269 457 1346 πνήσαι
467 1258 566 1337 αὐτοῖς
583 1263 634 1326 καί
621 1264 798 1364 συμπίνειν
810 1284 882 1361 μετα
871 1239 1070 1345 Νεαίρας
1032 1287 1085 1343 της
1095 1254 1192 1325 νυνί’
1171 1288 1251 1366 αγω-

347 1347 496 1451 νιζορένης
508 1341 585 1410 καθ’
574 1342 659 1411 οπότε
674 1339 756 1429 ταρὰ
767 1340 953 1429 Στεφάνφ”
924 1368 968 1425 ειη
979 1345 1095 1428 Νέαιρα
1105 1340 1180 1408 καί
1166 1343 1253 1410 οιτότε

345 1453 427 1513 παρα
415 1427 610 1512 Φρυί.νρινι]

261 1573 296 1628 49
379 1553 501 1639 ’Ότιμὲ
502 1580 523 1620 υ
533 1559 649 1621 τοίνυν
659 1548 731 1631 ἐξ’
711 1558 816 1636 αρχῆς
827 1543 963 1636 θοάλη
941 1577 984 1636 ην
995 1553 1049 1619 καί
1061 1552 1191 1639 ἐπράθη
1203 1556 1252 1632 δίς

303 1655 358 1720 καί
377 1651 538 1736 εἰργάζετο
556 1657 603 1737 τῷ
619 1648 744 1734 σάματι
761 1645 805 1726 ὡς
815 1648 926 1733 ἑταίρα
937 1640 1039 1734 οὖσα,
1061 1651 1116 1718 καί
1125 1647 1252 1734 α’τιέθρα

304 1748 365 1817 τὸν
377 1753 554 1833 Φρυνίωνα
578 1751 623 1824 είς
639 1749 797 1830 Μέγαρα,
819 1748 874 1814 καὶ
889 1745 1017 1831 ἥκουσα
1034 1748 1249 1835 κατηγγυήθη

304 1845 349 1925 ὡς
362 1850 436 1931 ξένη
449 1837 532 1912 οὖσα
543 1843 625 1930 πρὸς
635 1843 950 1933 τῷτολεμάρχφ,τῷ
959 1870 995 1911 τε
1005 1843 1093 1934 λόγφ
1105 1843 1326 1932 &novat-1362

302 1970 351 2013 νυ
362 1940 441 2029 ὑμῖν
450 1945 505 2010 καί
520 1941 770 2029 μεμαρτύρηται.
803 1942 966 2029 βούλομαι
980 1941 1011 2010 δ’
1024 1941 1105 2030 ὑμῖν
1120 1946 1175 2012 καί
1186 1942 1250 2012 αὐ-

301 2041 360 2110 τὸν
382 2043 560 2126 Στέφανον
580 2043 711 2108 τουτονί
731 2041 887 2120 ἐπιδείξαι
906 2038 1247 2130 καταμεμαρτυρηκότ’

259 2137 402 2225 ςραύτής
421 2134 463 2216 ὡς
479 2143 545 2204 ἐστι
564 2138 647 2224 ξένη.
679 2135 742 2224 τήν
757 2136 822 2224 γάρ
840 2142 1010 2224 θυγατέρα
1030 2137 1093 2225 τήν
1112 2143 1248 2227 ταυτησί

300 2244 461 2324 Νεαίρας,
484 2233 528 2320 ἣν
538 2229 645 2321 ήλθευ
660 2241 780 2321 ἐχουσα
799 2234 844 2314 ὡς
859 2240 990 2306 τουτονί
1006 2239 1183 2323 παιδάριον
1193 2267 1248 2326 μι-

301 2336 393 2421 κρὸν,
404 2332 448 2421 ἣν
458 2333 531 2402 τότε
542 2332 603 2419 μὲν
613 2335 813 2419 Στρυβήλην
824 2336 983 2421 ἐκάλουν,
999 2338 1077 2404 νυνὶ
1087 2339 1123 2404 δὲ
1134 2335 1246 2420 Φανώ,

301 2438 451 2503 ἐκδίδωσι
462 2435 634 2516 Στέφανος
650 2427 762 2498 οὑτοσί
785 2427 829 2510 ὡς
839 2423 947 2499 οὖσαν
962 2429 1067 2499 αὑτοῦ
1078 2438 1247 2517 θυγατέρα

301 2531 397 2618 άυθρί
403 2529 569 2618 Ἀθηναίῳ
582 2528 750 2615 Φράστορι
759 2534 916 2615 Αἰγιλιεῖ,
928 2532 984 2599 καί
994 2541 1113 2617 κροίκα
1123 2529 1172 2599 ἐστ’
1184 2531 1247 2600 αὐ-

300 2637 340 2719 τῇ
353 2633 467 2698 δίδωσι
483 2626 659 2713 τριάκοντα
676 2634 770 2713 μνᾶς.
804 2625 849 2708 οἱς
860 2626 892 2695 θ’
907 2621 1014 2716 ήλθεν
1025 2626 1070 2708 ὥς
1081 2629 1142 2697 τὸυ
1152 2630 1246 2716 Φρά-

300 2749 418 2813 στορα,
441 2724 548 2808 ἄνδρα
560 2724 702 2812 ἐργάτην
712 2728 767 2794 καί
778 2724 992 2814 άκριβῶςτόν
1008 2732 1084 2815 βίον
1094 2737 1245 2797 συνειλε-

298 2827 438 2911 γμένον,
469 2821 532 2891 οὐκ
551 2821 707 2909 ήκίστατο
727 2839 795 2904 τοίς
815 2834 877 2893 τοῦ
898 2827 1091 2914 Φράστορος
1110 2828 1245 2916 τρόκοις

300 2922 467 3004 άρέσκειν,
491 2918 557 2989 ἀλλ’
570 2922 671 3007 ἐζήτει
686 2920 726 2989 τά
742 2931 801 3009 τής
816 2923 938 3013 μητρὸς
955 2931 1018 3013 έθη
1030 2930 1085 2996 καὶ
1095 2925 1157 3013 τήν
1168 2923 1241 3009 παρ’

299 3018 382 3107 αὐτῇ
394 3016 583 3105 ἀκολασίαν,
595 3024 632 3088 ἐν
642 3019 785 3110 τοιαύτη,
798 3021 902 3110 οίμαι,
914 3028 1046 3112 ἐξουσίᾳ
1055 3027 1242 3109 τεθραμμέ-

256 3150 289 3202 51
299 3147 350 3206 νη.
383 3115 475 3203 ὀροῖν
491 3117 521 3185 θ’
542 3116 560 3186 ὁ
578 3119 738 3204 Φράστωρ
759 3115 867 3209 ἀὐτήν
882 3120 959 3190 οὔτε
975 3128 1116 3207 κοσμίαν
1136 3114 1243 3188 οὖσαν
1304 3125 1307 3132 “

299 3216 365 3286 οὔτ’
378 3219 563 3285 ἐθέλουσαν
577 3214 682 3285 αὐτοῦ
698 3215 904 3305 άκροάσθαι,
927 3219 995 3305 άμα
1012 3219 1048 3286 δὲ
1065 3220 1120 3286 καὶ
1136 3243 1243 3288 τετυ-
1306 3267 1309 3271 ‹

299 3320 417 3404 σμένος
426 3323 541 3402 σαφῶς
551 3315 613 3403 ήθη
626 3313 676 3385 ὅτι
684 3319 863 3403 Στεφάνου
873 3317 934 3402 μὲν
944 3315 1006 3384 οὐκ
1017 3324 1066 3402 είη
1078 3319 1241 3404 θυγάτηρ,

299 3422 441 3499 Νεαίρας
453 3414 506 3499 δέ,
523 3411 559 3480 τό
572 3416 608 3482 δὲ
621 3423 753 3498 πρῶτον
763 3415 966 3502 ἐξηπατήθη,
983 3411 1029 3481 ὅτ’
1039 3412 1185 3500 ήγγυάτο
1197 3415 1241 3495 άς

297 3515 478 3601 Στεφάνου
486 3517 655 3599 θυγατέρα
665 3514 845 3600 λαμβάνων
854 3514 910 3580 καὶ
920 3509 960 3580 οὐ
971 3519 1131 3599 Νεαίρας,
1155 3512 1238 3582 άλλοὶ

296 3613 402 3702 τοάτφ
418 3616 450 3694 ἐξ
466 3610 565 3698 άστής
581 3611 686 3700 αὐτήν
703 3604 979 3698 γυναικόςοάσαν
989 3613 1152 3702 πρότερον
1163 3613 1243 3697 πρὶν

294 3711 397 3799 ταάτη
409 3719 619 3798 συνοικῆσαι·
642 3711 809 3797 ὀργισθείς
821 3706 853 3778 θ’
863 3712 915 3779 ἐπί
923 3712 1050 3790 τούτοις
1060 3711 1172 3839 οἶκασι,
1184 3710 1239 3776 καί
1308 3746 1311 3750 ¹

1029 3809 1062 3862 19
