3159 4409
532 487 675 551 ΚΑΤΑ
695 487 1041 552 ΣΤΕΦΑΝΟῬΒ.
1211 489 1256 556 25

345 644 506 732 ἀποφαίνει
517 655 706 734 Φορμίων
667 675 759 734 χημαι
767 649 1032 753 ἐγγυησάμενος
993 650 1087 734 αυτὴν
1094 678 1197 761 παρα
1163 652 1254 721 Πα·

345 742 458 811 σλωνος
477 742 568 799 ταῦτα
579 736 612 800 δὲ
622 737 861 837 προκαλουμένου
869 729 1141 819 Ἀπολλοδώρον’
1107 763 1163 804 ουκ
1179 734 1253 824 ήθέ-

344 825 413 900 λησε
430 823 570 904 Φορμίων
580 813 807 902 παραδοῦναι
775 843 828 894 τας
838 827 956 902 θεραπα
956 823 1042 903 ί.νας]

259 943 335 1000 22.
393 929 461 998 Τδν
471 937 586 999 τοίνυν
601 932 709 1018 νόμον
726 932 779 1000 ἐπί
792 929 922 1010 τούτοις
938 929 1166 1020 ἀνάγνωθι,
1146 930 1184 1014 ὸς
1197 962 1254 1004 κε-

303 1029 395 1098 λεάει
409 1033 614 1099 ἐπιδικασίαν
631 1029 717 1098 είναι
732 1056 801 1099 των
818 1030 1006 1117 ἐπικλήρων
1019 1031 1175 1119 ἀπασῶν,
1199 1037 1255 1104 καλ

304 1131 409 1210 ξένων
424 1132 478 1198 καλ
495 1125 621 1215 ἀστῶν,
636 1131 691 1196 καὶ
709 1129 784 1214 περὶ
799 1125 861 1214 μὲν
876 1136 944 1196 τοῖν
960 1137 1104 1199 πολιτῶν
1120 1130 1181 1199 τὸν
1196 1131 1262 1219 άρ,
1368 1166 1371 1177 ,

302 1252 404 1314 χοντα
415 1227 560 1313 είσάχειν
570 1230 625 1296 καί
635 1230 870 1313 ἐπιμελείσθω,
883 1229 958 1313 περὶ
969 1227 1005 1297 δὲ
1015 1235 1083 1298 τῶν
1093 1237 1256 1317 μετοίκων

303 1324 365 1394 τὸν
377 1330 600 1413 πολέμαρχον,
619 1329 673 1396 καλ
684 1325 877 1394 ἀνεπίδικον
889 1323 932 1413 μή
945 1329 1064 1407 ἐξεῖναι
1078 1334 1163 1414 ἔχειν
1174 1329 1255 1417 μήτε

303 1433 430 1513 κλήρον
440 1426 521 1513 μήτε
534 1431 720 1513 ἐπίκληρον.

696 1544 875 1607 ΝΟΜΟΣ

390 1644 585 1746 [Κληροῦνδὲ
595 1637 648 1706 τὸν
662 1639 788 1726 άρχοντοι
804 1638 931 1732 κλήρων
933 1641 983 1705 καί
994 1639 1210 1726 ἒπικλήρων,”
1193 1665 1256 1709 οσοι

347 1730 454 1790 ελσὶ
414 1753 511 1834 μηνες,
522 1721 601 1808 πλὴν
611 1733 664 1790 τοῦ
681 1731 919 1810 σκιροφοριῶνος
950 1719 1121 1791 ἀνεπίδικον
1137 1728 1169 1792 δὲ
1183 1735 1254 1811 κλή-

348 1837 403 1897 ρον
413 1838 454 1893 μη
443 1811 564 1894 ἔχειν]

259 1936 296 1992 23
391 1920 530 1992 Οὐκοῦν
542 1917 647 1990 αὐτὸν
661 1929 751 2005 είπερ
772 1917 954 2008 ἐβούλετο’
936 1928 1049 2009 ορθως
1059 1922 1255 2009 διαπράττε-

305 2033 398 2110 σθαι,
412 2032 523 2110 λαχεῖν
534 2026 600 2091 ἔδει
610 2030 668 2109 τῆς
678 2020 868 2109 ἐπικλήρου,
885 2030 949 2090 εἴτε
960 2020 1043 2090 κατά
1056 2020 1152 2090 δόσιν
1163 2021 1253 2111 αὐτῷ

305 2130 473 2210 προσῆκεν
484 2131 548 2190 εἴτε
558 2118 642 2190 κατά
653 2122 765 2207 γένος,
783 2127 815 2189 εί
823 2122 884 2207 μὲν
895 2119 939 2201 ὡς
949 2119 1033 2207 ὑπὲρ
1044 2118 1159 2209 ἀστῆς,
1173 2123 1256 2207 πρὸς

305 2223 364 2290 τὸν
374 2218 532 2308 άρχοντα,
551 2226 582 2289 εί
596 2219 632 2289 δὲ
642 2217 726 2308 ὑπὲρ
741 2222 851 2306 ξένης,
871 2220 953 2304 πρὸς
964 2218 1024 2290 τὸν
1037 2226 1255 2308 πολέμαρχον,

305 2322 361 2388 καλ
371 2319 461 2405 τότε,
481 2327 571 2403 ελπερ
582 2345 614 2386 τι
628 2321 737 2403 λέγειν
749 2315 813 2403 εἶχε
825 2324 971 2402 δίκαιον,
990 2327 1148 2387 πείσαντα
1160 2318 1257 2406 ὑμῶν

305 2418 385 2498 τοὺς
395 2418 556 2505 λαχόντας
566 2415 647 2503 μετά
665 2424 734 2484 τοδν
744 2415 859 2502 νόμων
875 2420 930 2483 καὶ
941 2422 999 2502 τῆς
1010 2415 1127 2503 ψήφου
1138 2418 1258 2501 τάρων

307 2516 407 2602 εἶναι,
425 2519 479 2585 καλ
491 2514 535 2603 μή
546 2514 652 2583 αὐτὸν
666 2512 757 2605 αὐτῷ
774 2515 901 2600 νόμους
917 2520 1022 2596 ίδίονς
1030 2522 1174 2604 θέμενον
1185 2520 1258 2585 δια-

306 2612 705 2704 πράξασθαιάίβούλειο.

262 2731 298 2784 24
388 2720 572 2799 ,Σκέψασθε
585 2714 625 2802 δή
638 2716 693 2784 καὶ
703 2718 795 2784 τονδλ
805 2713 866 2784 τὸν
877 2712 982 2802 νόμον
989 2766 998 2800 ,
1011 2710 1048 2796 δς
1058 2714 1186 2784 κελεύει
1196 2711 1258 2799 τὴν

306 2816 490 2903 διαθήκην,
519 2811 563 2901 ἢν
586 2810 630 2883 ἀν
652 2819 781 2883 παίδων
809 2812 918 2885 ὄντων
940 2821 1087 2902 γνησίων
1109 2811 1127 2883 ὁ
1149 2810 1256 2899 πατὴρ

306 2920 480 3002 διαθῆται,
492 2913 551 2984 ἐάν
561 2913 781 2984 ἀποθάνωσιν
795 2919 830 2983 οί
833 2920 946 2995 παῖδες
957 2918 1036 3003 πρὶν
1045 2912 1183 3001 ἡβήσαι,
1195 2936 1258 2980 κυ-

305 3021 383 3101 ρίαν
395 3013 488 3082 είναι.

694 3122 904 3185 ΝΟΜΟΣ.

391 3228 440 3315 [Ὅ
456 3260 484 3297 τι
501 3227 540 3297 άν
554 3231 712 3317 χνησίων”
695 3259 790 3298 οντων
802 3227 902 3297 αἰῶν’
890 3258 906 3296 ο
917 3226 1013 3336 πατὴρ
1031 3232 1187 3310 διαθῆται,
1206 3222 1259 3293 ίάν

346 3311 573 3383 ἀποθάνωσινο
575 3321 672 3394 ίνλεῖς
682 3319 753 3402 πρίν
764 3319 811 3383 ἐπί
826 3321 913 3393 δίετες
923 3311 1052 3397 ἡβᾶν,
1021 3339 1075 3395 την
1088 3319 1140 3376 τοῦ
1149 3307 1259 3398 πατρὸς

349 3400 502 3488 διαθήκην
516 3405 587 3488 κυρί
585 3429 622 3466 αν
573 3399 717 3467 ί.είναι
724 3408 736 3485 ]

263 3522 297 3574 25
392 3512 556 3583 Οὐκοῦν
542 3513 640 3582 οπότε
652 3511 790 3598 ζωσιν,”
769 3510 937 3598 ακυροςμὲ
940 3537 989 3596 νη
978 3506 1171 3595 ’διαθήκη
1156 3510 1256 3591 εστιν,

304 3639 349 3699 ην
360 3633 464 3699 φασιν
475 3604 568 3680 οὗτοι
586 3609 647 3681 τὸν
657 3607 780 3695 πάτὲρα
798 3616 1005 3686 καταλιπεῖν,
1023 3605 1112 3693 παρὰ
1129 3605 1257 3680 πάντας

305 3710 341 3778 δὲ
350 3707 429 3789 τοὺς
440 3706 564 3796 νόμους
574 3710 805 3797 μεμαρτύρηκε
811 3710 984 3793 Στέφανος
997 3703 1111 3776 οὑτοσὶ
1121 3701 1161 3772 τά
1174 3715 1257 3781 ww*
