3159 4409
311 519 393 586 ¹374
582 520 1026 600 [ΔῌΜοεοιινονει
1097 526 1103 540 ’

330 685 391 770 μὲν
402 689 448 763 είς
458 683 521 770 τὴν
529 687 706 768 ἐκκλησίαν
717 679 761 762 ὡς
772 683 808 749 ἐκ
818 687 886 748 τῶν
896 679 1184 768 ρηθησομένωντό
1196 679 1279 763 κρά-

308 778 442 850 ’τιστου
464 783 597 850 ἑλέσθαι
619 784 712 864 δέον,
734 787 882 866 φανῆναι
893 775 954 865 θλ,
978 780 1057 864 πρὶν
1078 783 1113 846 ἐκ
1134 784 1204 846 τῶν
1221 777 1278 846 λά·
1287 786 1336 841 145⁵

207 930 211 939 -
329 907 401 967 μοιν
412 862 603 964 δοκιμάσαι,
615 876 689 961 παρ’
699 875 780 964 ὑμῖν
791 876 903 956 αὐτοῖς
911 905 942 945 τι
953 879 1209 963 πεπεισμένους,
1227 879 1278 944 καί

329 975 423 1046 τοῦθ’
442 978 548 1056 οὕτως
565 974 701 1063 ἰσχυρὸν
724 976 808 1045 ὥστε
830 973 906 1063 μηδ’
926 978 1056 1044 ἐθέλειν
1077 971 1168 1060 παρά
1190 971 1277 1043 ταῦτ’

330 1075 473 1145 άκοάειυ.
1114 1107 1119 1115 ·

758 1181 842 1242 ΜΗ.

403 1268 500 1350 Ἴσως
516 1268 669 1358 ὀχληρὸς,
695 1264 722 1340 ά
738 1271 857 1357 ἄνδρες
869 1269 1056 1358 Ἀθηναῖοι,
1082 1273 1169 1340 τισὶν
1186 1269 1279 1358 ’ὑμῶν

333 1371 416 1462 εἶναι
430 1375 517 1438 δοκῶ
529 1370 687 1451 πολλάκις
702 1376 808 1458 λέγων
826 1374 900 1455 περὶ
915 1379 985 1438 τῶν
995 1367 1108 1437 αὐτῶν
1118 1368 1180 1438 άεί.
1212 1367 1278 1444 ἀλλ’

332 1468 391 1539 ἐάν
407 1468 519 1556 ὀρθῶς
535 1478 695 1558 σκοπῆτε,
717 1467 780 1539 οὐκ
798 1467 862 1556 ἐγώ
881 1469 1072 1555 φανήσομαι
1088 1467 1212 1536 τούτου
1230 1471 1279 1536 δί-

331 1596 425 1648 καιος
449 1567 497 1637 εἲν
508 1567 668 1656 ἔχειντὴν
679 1575 802 1654 αἰτίαν,
819 1566 887 1637 ἀλλ’
900 1572 935 1636 οί
948 1565 993 1654 μὴ
1005 1565 1202 1652 πειθόμενοι
1212 1579 1279 1644 τοῖς

333 1664 501 1754 ὑμετέροις
511 1675 727 1755 ψηφίσμασιν.
750 1665 855 1754 είμάρ
866 1663 1031 1735 έκεῖνοιτό
1044 1668 1280 1753 πρῶτονέποά-

332 1783 418 1851 ησαν
428 1761 552 1850 άὺμεϊς
561 1768 801 1854 προσετάξατε,
814 1765 913 1836 οὐδὲν
923 1761 966 1834 άν
975 1763 1012 1834 τὰ
1026 1766 1185 1850 δεύτερον
1196 1761 1279 1850 ἡμᾶς

333 1866 399 1930 ἔδει
410 1867 534 1947 λέγειν,
559 1862 633 1932 οὐδ’
647 1871 679 1934 εί
692 1866 729 1933 τὸ
742 1866 917 1952 δεύτερον,
941 1853 1049 1941 αὖθις.
1081 1869 1148 1930 νῦν
1165 1860 1197 1930 δ’
1213 1861 1278 1951 ὅσφ

209 1999 212 2015 ·
332 1959 508 2036 πλεονάκις
520 1959 560 2026 τά
572 1959 775 2048 προσήκονθ’
786 1960 865 2048 ὑμῖν
876 1960 969 2048 ὑμεῖς
979 1964 1205 2048 ἐψηφίσασθε,
1224 1987 1280 2028 το-

333 2058 441 2146 σοάτφ
453 2082 509 2142 μοι
520 2060 677 2126 δοκοῦσιν
687 2052 913 2145 ἦττονέκεῑνοι
923 2060 1194 2145 παρεσκευάσθαι
1204 2084 1280 2126 ποι·

333 2169 391 2224 εἴν.
415 2155 579 2243 πρότερον
588 2156 649 2244 μὲν
660 2152 723 2226 οὖν
733 2164 835 2245 ἔγωγε
845 2158 891 2247 μά
901 2157 979 2240 τούς
988 2157 1091 2239 θεοὺς
1102 2157 1165 2227 οὐκ
1176 2156 1280 2246 ᾔδειν,

334 2257 417 2340 πρὸς
426 2263 460 2323 τί
467 2253 541 2323 ποτ’
554 2266 604 2344 εἴη
616 2257 708 2326 τοῦτ’
720 2265 896 2345 εἰρημένον
909 2255 1011 2345 “dm
1029 2257 1137 2344 ἄνδρα
1149 2262 1281 2325 δείκνυ-

328 2351 420 2422 “σι·”
444 2363 510 2423 νῦν
522 2357 557 2424 δὲ
568 2352 634 2424 κάν
643 2355 746 2426 άλλον
755 2382 812 2443 μοι
823 2362 912 2425 δοκεῖ
926 2357 1062 2435 διδάξαι.
1094 2360 1129 2424 οί
1141 2355 1208 2441 γάρ
1220 2353 1281 2439 άρ-

334 2479 446 2538 χοντες
458 2452 481 2539 ἤ
492 2478 577 2532 τινες
588 2451 715 2539 αὐτοῖν,
736 2458 791 2522 ἵνα
812 2452 856 2540 μὴ
868 2453 993 2532 πάντας
1010 2455 1112 2537 λέγω,
1133 2459 1204 2520 τῶν
1220 2452 1280 2537 μὲν

335 2552 505 2637 ὑμετέρων
516 2552 736 2638 ψηφισμάτων
746 2547 815 2620 ἀλλ’
828 2548 954 2619 οὐδὲτὸ
965 2549 1165 2636 μικρότατον
1175 2572 1283 2636 φρον-

335 2655 496 2734 τίζουσιν,
520 2649 609 2729 ὅπως
620 2650 655 2717 δὲ
672 2651 842 2737 λήψονται.
874 2655 906 2718 εί
914 2649 975 2735 μὲν
986 2641 1050 2716 οὖν
1059 2651 1141 2735 έυῆν
1152 2652 1282 2732 δοῦναι,

335 2754 468 2829 δικαίως
483 2745 527 2816 άν
544 2746 624 2817 αὐτὸ
639 2749 739 2817 τοῦτο’
755 2755 815 2835 μοί
828 2775 875 2828 τις
892 2751 1085 2834 ἐπέπληξεν,
1108 2752 1139 2815 εί
1156 2745 1212 2815 διά
1228 2773 1284 2832 μι-

336 2845 421 2932 κρὸν
439 2845 598 2932 άνάλωμοι
614 2850 760 2932 ἐνοχλεῖν
775 2845 857 2932 ὑμῖν
874 2844 1042 2934 ᾑρούμηνι
1079 2852 1144 2912 νῦν
1162 2845 1199 2912 δὲ
1220 2841 1283 2911 οὐκ

337 2953 403 3032 ένι,
426 2944 578 3032 καθάπερ
596 2944 674 3015 οὐδὲ
691 2945 832 3025 τούτους
847 2951 997 3032 λέληθεν.
1031 2950 1062 3013 εί
1078 2943 1109 3012 δ’
1130 2940 1214 3029 ὑπὲρ
1235 2933 1283 3011 ὦν

336 3043 416 3131 ὑμῖν
431 3051 634 3135 λειτουργεῖν
649 3047 713 3130 δεῖ,
737 3043 943 3132 προσθήσειν
960 3040 1072 3122 αὐτοῖς
1089 3040 1219 3110 οίονταί
1232 3066 1283 3127 με,

336 3151 483 3230 ληροῦσι.
512 3143 566 3211 καί
577 3148 680 3210 ταῦτα
692 3152 771 3222 ίσως
781 3143 976 3229 βούλονται,
989 3139 1076 3210 άκαλ
1086 3144 1285 3227 προσδοκῶ-

336 3258 404 3305 σιν·
427 3237 492 3325 έμώ
504 3236 538 3306 θ’
550 3237 591 3306 οὐ
603 3241 730 3327 ποιήσω
740 3244 855 3326 ταῦτα,
871 3237 937 3310 ἀλλ’
951 3238 1010 3309 έάν
1021 3238 1082 3325 μέν
1093 3241 1188 3324 δῶσι,
1196 3246 1284 3305 καθ-

337 3332 584 3422 έλξωτῂνναῧν
606 3342 661 3407 καὶ
672 3337 713 3406 τά
730 3339 941 3425 προσήκοντα
955 3338 1100 3424 ποιήσω,
1133 3343 1163 3405 εί
1179 3333 1283 3422 δὲμὴ,

335 3430 414 3511 τοὺς
424 3441 547 3515 αἰτίους
560 3434 639 3524 ὑμίν
649 3436 819 3525 άποφανοί.

747 3539 848 3604 ΜΘ.

422 3627 552 3699 Οὐδένα
574 3630 616 3702 άν
633 3628 673 3702 εὖ
688 3643 882 3721 φρονοῦντα
904 3632 1085 3719 άντειπεῖν,
1112 3624 1285 3717 εἷάνδρες

338 3730 519 3816 Ἀθηναῖοι,
542 3738 678 3818 νομίζω,
696 3730 740 3811 ὥς
757 3730 819 3819 οὐχ
835 3731 994 3802 ἁπάντων
1010 3731 1148 3817 ἄριστόν
1159 3734 1230 3800 έστι
1241 3738 1285 3820 τῇ
