3159 4409
527 478 672 541 ΚΑΤΑ
698 478 993 541 Συωολνου
1011 457 1057 542 Ας
1220 477 1271 545 ει

657 643 910 716 ΕΞΩΜΟΣΙΑ.

265 762 320 816 61,
396 736 469 805 Οὐκ
486 735 612 822 ἄδηλον
633 729 694 822 ἦν,
718 729 881 821 ιδᾶνδρες
904 738 1068 821 δικασταί,
1090 735 1141 805 ὅτι
1161 744 1261 808 τοῦτο

309 839 449 920 ἔμελλον
459 833 626 920 ποιήσειν,
649 835 833 921 προθύμως
850 837 1047 920 ἐξομεῖσθαι.
1080 840 1136 902 ἵνα
1145 841 1263 904 τοίνυν

309 940 507 1020 παραχρῆμα
518 937 754 1018 ἐξελεγχθῶσιν
760 931 1010 1019 ἐπιωρκηκότες,
1022 937 1105 1020 λαβέ
1112 959 1169 1019 μοι
1180 934 1263 1002 ταύ-

309 1055 370 1116 την
383 1030 445 1117 την
458 1037 643 1119 μαρτυρίαν
659 1032 715 1098 καί
726 1028 789 1116 τὴν
801 1030 993 1117 πρόκλησιν.
1022 1027 1260 1116 ἀναγίγνωσκε.

662 1135 1339 1201 MAPTYPIA.1160

394 1237 604 1315 [Μαρτνροῦσι
615 1239 763 1333 παρεῖναι,
775 1226 823 1295 ὅτε
836 1225 1054 1333 Ἀπολλόδωρος
1070 1225 1263 1333 προύκαλεῖτο

350 1318 506 1396 Στέφανον
522 1310 752 1417 παραδοῦναι
724 1339 776 1379 τον
792 1310 932 1377 παῖδα
904 1339 956 1377 τον
973 1307 1144 1378 ἀκόλουθον
1155 1318 1196 1390 είς
1205 1312 1262 1398 66-

350 1419 443 1504 σανρν
447 1401 567 1483 περὶ
531 1425 582 1480 της
592 1394 773 1502 ὑφαιρέσεως
784 1422 836 1460 του
822 1399 1077 1502 ’γραμματείοις
1065 1398 1116 1459 καὶ
1126 1395 1260 1499 γράμμα-

349 1508 386 1545 τα
402 1475 442 1565 ἦν
459 1484 570 1564 ἕτοιμος
586 1479 712 1588 γράφειν
725 1474 969 1584 Ἀπολλόδωρος,
979 1477 1049 1543 καθ’
1067 1475 1084 1544 6
1100 1506 1128 1543 τι
1145 1473 1259 1588 ἔσταιὴ

348 1563 487 1650 βάσανος
528 1572 620 1628 ταῦτα
647 1565 679 1627 δὲ
700 1565 954 1666 προκαλουμένου
961 1557 1181 1666 Ἀπολλοδώρου
1204 1560 1261 1628 οδιι

345 1653 490 1755 ἐθελῆσαι
505 1653 716 1752 παραδοῦναι.
730 1649 902 1727 Στέφανον,
936 1641 1011 1710 ἀλλὰ
1040 1642 1260 1750 ἀποκρίνασθαι

345 1729 558 1842 Ἀπολλοδώρῳ
569 1727 751 1811 δικαζεσθαι,
764 1755 777 1794 ε
778 1729 951 1814 ίβούλοιτο,
970 1756 995 1795 ει
986 1733 1034 1794 ”τί
1043 1749 1135 1812 φησιν
1145 1725 1258 1799 ἀδικεῖ-

348 1813 448 1880 σθαι
433 1842 478 1897 υφ
497 1818 609 1881 εαυτου
588 1821 628 1897 ]

641 1917 920 1980 ΠΡΟΚΛΗΣΙΣ.

260 2036 297 2090 62
321 2062 326 2073 ,
393 2006 482 2089 Τίς’“
460 2036 504 2077 αν
515 2003 577 2078 οὖν
588 2006 673 2096 ὑπὲρ
685 2009 838 2096 τοιαύτης
848 2016 968 2096 αἰτίας,
985 2004 1147 2098 οἶᾶνδρες
1161 2015 1256 2079 δικα-

306 2110 390 2194 σταὶ,
402 2117 493 2193 είπερ
505 2110 675 2177 ἐπίστευεν
685 2105 785 2198 αὐτῷ,
804 2107 866 2176 οὐκ
877 2113 1004 2190 ἐδέξατο
1016 2108 1078 2198 τὴν
1089 2111 1255 2193 βάσανον;

306 2207 434 2276 οὐκοῦν
444 2214 491 2295 τῷ
509 2207 648 2293 φεύγειν
664 2205 726 2293 την
736 2206 886 2294 βάσανον
902 2205 1113 2296 ὑφῃρημένος
1128 2214 1256 2297 ἑξελέγ-
1351 2277 1354 2282 .

305 2333 403 2394 χεται.
437 2301 487 2393 ἆρ’
507 2298 570 2374 οὖν
588 2301 632 2373 δν
648 2303 729 2391 ὑμῖν
759 2312 982 2391 αἰσχυνθῆναι
1010 2312 1102 2374 δοκεῖ
1116 2307 1178 2394 την
1194 2314 1256 2376 τοῦ

305 2407 345 2474 ’τὰ
362 2410 470 2490 ψευδῆ
482 2418 661 2490 μαρτυρεῖν
679 2403 778 2484 δόξαν
795 2402 812 2470 ὁ
830 2402 892 2488 τὴν
909 2412 971 2470 τοῦ
989 2409 1127 2491 κλέπτης
1145 2413 1256 2493 φανη-

304 2530 360 2573 ναι
370 2503 414 2591 μὴ
430 2503 567 2590 φυγαίνς
589 2497 611 2589 6
625 2504 800 2588 δεηθέντος
811 2498 950 2588 ὀκνῆσαι
960 2501 999 2568 τὰ
1011 2507 1119 2591 ψευδῆ
1129 2530 1255 2592 μαρτυ-

303 2617 385 2688 ρεῖν,
397 2599 434 2682 δς
444 2599 466 2670 6
477 2605 590 2690 μηδείς
599 2601 755 2683 ἐκέλευεν.
761 2599 938 2688 ἐθελοντὴς
949 2600 1095 2690 πονηρὸς
1105 2596 1163 2688 ἧν;

258 2725 295 2780 63
387 2709 534 2780 Δικαίως
558 2708 690 2787 τοίνυν,
720 2692 748 2768 6
771 2699 891 2787 ἄνδρες
909 2698 1096 2790 Ἀθηναῖοι,
1126 2702 1255 2772 τούτων
1298 2762 1300 2779 ,

304 2799 463 2869 ἁπάντων
474 2797 599 2877 δούςί
565 2804 599 2868 δί
598 2796 766 2886 κην,πολύ
774 2794 932 2885 μᾶλλον”
910 2826 953 2867 αν
964 2798 1097 2881 εἰκότως
1109 2799 1162 2870 διὰ
1173 2801 1254 2870 τᾶλ-

302 2909 345 2970 λα
356 2904 537 2984 κολασθείη
550 2897 625 2985 παρ’
636 2895 724 2984 ὑμῖν.
756 2913 905 2966 σκοπεῖτε
917 2899 1021 2986 δε,
987 2926 1047 2968 τον
1059 2898 1165 2988 βίον
1145 2929 1187 2969 ον
1196 2908 1254 2988 βε-

303 3001 468 3121 βίωκενέξ
470 2996 651 3077 ετοέζοντες
663 2987 761 3076 οὗτος
777 2999 858 3085 γὰρ,
869 2995 1011 3083 ηνίκα
977 3026 1038 3085 μεν
1055 3002 1254 3086 συνέβαινεν

303 3095 454 3183 εὐτυχεῖν
461 3095 674 3185 Ἀριστολόχῳ
685 3103 731 3186 τῷ
743 3103 862 3182 τραπεζ
862 3104 923 3186 ίτη,
936 3108 991 3166 ίσα
1000 3103 1128 3185 βαίνων
1139 3098 1252 3183 ἐβάδι-

302 3191 385 3277 ζεν“
367 3195 612 3274 υποπεπτωκως
622 3198 755 3284 ἐκείνω,
774 3198 829 3264 καὶ
839 3203 942 3263 ταῦτα
958 3207 1047 3264 ίσασι
1058 3198 1174 3263 πολλοὶ
1182 3223 1252 3266 των

257 3292 425 3377 5466666’
444 3292 553 3361 ὄντων
569 3292 674 3389 ὑμῶν.
708 3293 820 3383 ἐπειδὴ
840 3293 869 3362 δ’
895 3292 1043 3382 ἀπώλετ’4
1054 3296 1179 3376 ἐκεῖνος
1195 3297 1251 3364 καλ

303 3400 372 3462 τῶν
383 3389 491 3460 ὄντων
502 3394 622 3479 ἐξέστη,
634 3391 820 3479 οὕχῆκιστα
830 3390 895 3459 ὑπὸ
908 3391 1029 3460 τούτου
1039 3394 1094 3461 καί
1103 3401 1171 3469 τῶν
1181 3421 1252 3463 τοι·
1340 3393 1342 3398 ’

305 3492 416 3560 ούτων
433 3494 666 3579 διαφορηθείς,
687 3501 737 3582 τῷ
751 3494 813 3578 μὲν
836 3495 903 3557 υίεῖ
915 3498 962 3578 τῷ
979 3491 1101 3560 τούτου
1116 3499 1251 3562 πολλῶν

304 3591 508 3677 πραγμάτων
525 3589 633 3659 ὄντων
650 3588 692 3660 06
709 3591 852 3675 παρέστη
870 3587 1001 3656 πωποτε
1017 3587 1091 3678 οὐδ’
1104 3588 1252 3675 έβοηθη·

303 3709 381 3773 σεν,
404 3685 472 3756 ἄλλ’
489 3687 656 3774 Ἀπόληξις
672 3691 727 3759 καλ
736 3686 857 3756 Σόλων
874 3687 930 3754 καί
945 3686 1065 3768 πάντες
1075 3686 1252 3770 ἄνθρωποι

347 3784 482 3840 Βοωοειλι.
504 3784 561 3841 Vol.
572 3785 623 3842 111.
1034 3859 1036 3863 .
1083 3784 1101 3837 6
