3159 4409
312 496 376 562 ειο
517 498 596 557 τοι.
632 492 1049 588 ΔΗΜοΣοιιαονΣ

312 657 376 728 κόυ
395 649 540 745 πόλεμον
555 658 610 724 καὶ
626 656 766 741 πραθεὶς
782 659 829 732 είς
839 654 994 722 Λευκάδα
1005 654 1188 742 Κλεάνδρῳ
1204 675 1263 719 πε-

314 759 459 845 ριτυχῶν
475 763 521 846 τῷ
538 752 702 842 ὑποκριτῇ
710 750 803 839 πρὸς
819 750 898 831 τοῦς
908 758 1049 832 οἰκείους
1059 753 1173 839 έσιόθη
1183 755 1262 819 δεῦ-

302 882 350 939 ,ρο
361 861 531 944 πολλοστῷ
542 853 669 942 χρόνῳ,
696 857 990 938 παραλελοίπασιυ,
1014 851 1124 938 ῶσπερ
1137 853 1174 918 δὲ
1185 855 1262 920 δέου

308 952 395 1040 ἡμᾶς
411 951 457 1020 δι’
475 956 603 1030 ἐκείνας
618 949 677 1030 τάς
693 948 827 1036 ἀτυχίας
843 949 1045 1037 ἀπολέσθαι,
1066 948 1104 1020 τό
1126 956 1262 1032 ξενίζειν

269 1065 302 1119 19
310 1049 414 1120 αὐτοῦ
425 1051 699 1137 κατηγορήκασιν.
721 1050 785 1136 έγῶ
797 1048 825 1117 δ
836 1053 869 1129 ἐξ
879 1049 990 1119 αὐτῶν
998 1052 1128 1119 τούτων
1135 1047 1261 1137 μάλιστ’

311 1146 546 1236 άνοῖμαιῦμῖν
559 1145 1171 1236 έμαυτόυἈθηναίονόνταἐπιδείξειν.
1208 1151 1262 1218 καὶ

310 1251 515 1334 πρῶτονμὲν
527 1245 570 1326 ῶς
589 1251 658 1339 ἥλω
678 1249 733 1316 καὶ
743 1248 872 1335 έσῶθη,
889 1249 1059 1336 μάρτυρας
1069 1249 1150 1336 ὑμῖν
1161 1251 1263 1336 παρέ-

311 1355 423 1434 ξομαι,
444 1346 553 1414 ἔπειθ’
575 1343 626 1414 ὅτι
646 1345 848 1434 ἀφικόμενος
867 1355 925 1431 τῆς
947 1344 1061 1425 οὐσίας
1084 1345 1174 1431 παρά
1196 1355 1263 1415 τῶν

287 1487 290 1494 .
311 1454 415 1514 θείων
424 1443 462 1513 τό
474 1449 574 1532 μέρος
587 1450 782 1532 μετέλαβεν,
800 1445 867 1514 εἶθ’
881 1445 932 1514 ὅτι
946 1444 1018 1514 οὔτ’
1035 1450 1071 1515 ’έν
1080 1461 1148 1525 τοῖς
1158 1446 1263 1533 δημό-

310 1573 381 1625 ταις
397 1544 472 1614 οῦτ’
490 1549 528 1614 ἐν
545 1560 612 1625 τοῖς
631 1546 814 1633 φράτερσιν
827 1543 896 1614 οὔτ’
911 1544 1032 1614 άλλοθι
1042 1543 1263 1631 οῦδαμοῦτόν

311 1650 477 1726 ξενίζοντα
501 1643 610 1724 οῦδεὶς
625 1642 752 1713 πώποτ’
773 1643 930 1733 ᾐτιάσατο
947 1641 992 1723 ῶς
1007 1654 1056 1730 είη
1074 1647 1176 1724 ξένος.
1210 1649 1266 1712 καί

311 1770 368 1830 μοι
377 1745 458 1830 λαβ
468 1743 527 1823 τάς
539 1750 728 1829 μαρτυρίας

660 1848 920 1910 ΜΑΡΤΤΡΙΑΙ.

269 1955 304 2007 20
395 1941 479 2026 Περὶ
495 1939 557 2025 μέν
572 1946 688 2007 τοίνυν
704 1947 763 2023 τῆς
778 1935 934 2016 άλῶσεως
949 1940 1005 2006 καί
1021 1944 1079 2023 τῆς
1090 1944 1261 2037 σωτηρίας,

312 2034 355 2124 ἣν
367 2041 490 2123 συνέβη
501 2039 701 2125 γενέσθαι
669 2062 715 2104 τω
703 2038 824 2121 πατρὶ
836 2034 994 2120 δεῦρο,’
975 2034 1149 2121 ακηκόιιτε.
1175 2033 1260 2115 ῶςδ

312 2134 469 2224 ὑμέτερος
479 2163 523 2222 ην
533 2142 676 2222 πολίτης,
688 2161 715 2203 ω
702 2127 846 2256 ἄνδρες
858 2137 1006 2202 δικασταὶ
1019 2132 1070 2217 (τό
1083 2132 1147 2253 γάρ
1159 2129 1201 2202 δν
1211 2136 1265 2201 καὶ

311 2232 435 2320 ἀληθὲς
452 2235 557 2313 οὕτως
573 2232 727 2322 ὑπάρχει)
745 2234 915 2320 μάρτυρας
929 2240 1019 2301 καλῶ
1042 2231 1121 2311 τοῦς
1142 2238 1264 2313 ζῶντας

223 2387 226 2394 .
247 2349 249 2353 ‘
310 2331 391 2421 ἡμῖν
411 2341 479 2401 τῶν
500 2340 673 2420 συγγενῶν
692 2340 760 2400 τῶν
777 2330 861 2418 πρὸς
878 2331 1008 2418 πατρός.
1041 2332 1135 2399 κάλει
1151 2329 1194 2417 δή
1210 2357 1265 2417 μοι

312 2442 443 2518 πρῶτον
460 2435 520 2518 μὲν
532 2436 752 2519 Θουκριτίδην
768 2436 824 2498 καλ
834 2430 1052 2516 Χαρισιάδην·
1075 2427 1170 2515 ὁγάρ
1184 2430 1265 2516 τοῦ·

311 2559 379 2601 των
395 2533 501 2619 πατὴρ
511 2539 670 2616 Χαρίσιος
680 2529 824 2616 άδελφός
837 2523 878 2616 ἦν
888 2537 950 2597 τοῦ
960 2527 1098 2596 πάππου
1108 2537 1170 2596 τοῦ
1182 2531 1264 2616 ἐμοῦ
1304 2562 1309 2576 ⁴

313 2637 532 2718 Θουκριτίδου
550 2632 605 2698 καλ
614 2634 806 2715 Λυσαρέτης
821 2636 879 2716 τῆς
894 2633 972 2716 ἐμῆς
982 2627 1102 2716 τήθης,
1124 2637 1219 2706 θεῖος
1229 2628 1265 2695 δὲ

312 2738 373 2797 τοῦ
389 2731 512 2813 πατρὸς
528 2737 591 2795 τοῦ
608 2730 690 2814 ἐμοῦ
707 2726 869 2816 (άδελφὴν
886 2725 985 2813 γάρὸ
1007 2727 1141 2806 πάππος
1161 2726 1265 2814 οὑμὸς

269 2841 302 2894 21
314 2833 435 2913 ἔγημεν
451 2825 512 2912 οῦχ
533 2824 765 2913 ὁμομητρίαν)·
789 2832 899 2894 ἔπειτα
916 2825 1098 2913 Νικιάδην·
1121 2829 1177 2895 καὶ
1200 2824 1320 2914 γὰρλθδ

313 2922 464 2994 ὁτοῦτου
480 2923 587 3010 πατὴρ
604 2931 773 3004 Λυσανίας
790 2923 934 3010 ἀδελφός
950 2917 994 3011 ἦν
1010 2934 1071 2994 τοῦ
1089 2932 1266 3014 Θουκριτί-
1295 3012 1299 3018 ¹

313 3030 375 3094 δου
386 3027 442 3093 καὶ
454 3033 509 3114 τῆς
521 3027 728 3111 Λυσαρέτης,
739 3018 833 3103 θεῖος
843 3024 879 3092 δὲ
889 3033 951 3092 τοῦ
961 3023 1084 3109 πατρὸς
1093 3033 1156 3094 τοῦ
1166 3027 1263 3111 ε’μοῦ·

313 3130 422 3193 ἔπειτα
433 3125 678 3212 Νικόστρατον·
701 3126 754 3192 καὶ
773 3124 838 3210 γὰρ
854 3122 873 3192 ὁ
889 3124 1012 3192 τούτου
1023 3124 1131 3211 πατὴρ
1142 3123 1266 3192 Νικιά·

315 3228 373 3307 δης
382 3216 612 3310 αδελφιδους
590 3248 675 3314 ην
643 3250 688 3291 τω
699 3247 823 3290 παππω
833 3249 879 3290 τω
868 3227 956 3315 ἐμω
964 3225 1067 3312 κοίτη
1074 3221 1205 3310 τηθη,
1186 3248 1266 3291 ανε-

314 3320 389 3398 νιος
400 3321 435 3388 δὲ
445 3348 490 3412 τω
479 3329 609 3408 πατρί.
632 3328 691 3390 και
695 3349 752 3409 μοι
762 3322 856 3391 καλει
866 3349 1005 3401 τουτους
1019 3322 1153 3402 πάντας.
1175 3319 1263 3390 οὐδ’

314 3420 446 3505 λάβε
456 3447 493 3489 το
483 3421 605 3507 ὕδωρ.

665 3530 915 3591 ΜΑΡΤΤΡΕΣ.

271 3629 306 3681 22
403 3623 478 3684 Τῶν
488 3618 549 3704 μὲν
558 3629 674 3690 τοίνυν
685 3621 767 3710 πρὸς
778 3621 955 3712 ἀνδρῶν
923 3631 971 3689 τῶ
981 3624 1079 3708 πατρὶ
1090 3626 1265 3706 συγγενῶν

316 3714 495 3804 ἀκηκόατε,
508 3744 533 3783 ω
522 3710 681 3805 ’άνδρες’
676 3731 861 3809 Αθηναιοι,
872 3723 927 3789 καὶ
938 3720 1201 3808 μαρτυρούντων
1210 3721 1265 3787 καὶ
