3159 4409
316 503 381 571 τοι
531 507 596 564 m.
620 500 1063 599 [Δκκοτοταοντ]

316 667 438 746 ἄλλους
447 665 620 742 τοιούτους
631 662 686 729 διὰ
698 663 819 740 κόλλος
835 659 901 730 ὑπὸ
919 670 1012 731 θεῶν
1022 661 1265 750 ἀγαπηθέντας.

316 765 400 835 ὥστε
419 769 521 850 ἔγωγε
538 760 581 830 ού
599 763 760 859 θαυμάζω
776 767 846 828 τῶν
862 762 1121 848 ἐπιθυμούντων
1136 770 1196 849 τῆς
1206 769 1265 849 σῆς

316 871 441 950 φιλίας,
463 862 547 932 ἀλλὰ
557 871 625 930 τῦν
636 859 680 948 μὴ
691 858 751 928 τὸν
760 859 888 946 τρόπον
897 868 1019 929 τοῦτον
1032 865 1264 947 διακειμένων·

315 961 402 1031 ὅπου
418 960 484 1048 γὰρ
495 959 569 1040 ένὸς
586 961 726 1028 ἑκάστου
736 967 806 1027 τῦν
822 963 1073 1047 προειρημένων
1082 961 1264 1048 μετασχόν-

314 1086 368 1140 τες
378 1060 464 1138 τινές
474 1068 531 1146 τῆς
541 1066 609 1127 τοῖν
622 1065 714 1138 θοῦν
725 1055 854 1145 ὁμιλίας
867 1056 1076 1147 ἠξιώθησαν,
1087 1053 1111 1145 ἦ
1121 1083 1191 1126 που
1203 1065 1265 1126 τοῦ

313 1157 340 1244 γ’
354 1156 511 1226 ἁπάντων
527 1164 647 1243 κυρίου
661 1157 883 1236 καταστάντος
900 1154 1020 1225 εύκτόν
1030 1164 1147 1248 θνητῷ
1162 1156 1266 1242 φύντι

268 1290 301 1344 31
313 1266 412 1343 φίλον
420 1261 587 1343 γενέσθαι.
620 1261 751 1325 δίκαιον
764 1257 826 1343 μέν
842 1249 906 1324 οῦν
921 1261 976 1324 καλ
994 1258 1119 1340 πατέρα
1134 1257 1192 1323 καὶ
1201 1281 1264 1341 μη-

311 1359 389 1441 τέρα
405 1359 460 1425 καλ
479 1348 696 1436 τοῦςόίλλους
712 1361 853 1435 οἰκείους
876 1356 955 1435 τοῦς
971 1353 1052 1435 σούς
1070 1360 1263 1442 ζηλοῦσθαι,

311 1461 473 1524 τοσοῦτον
484 1453 701 1542 ὑπερέχοντος
711 1462 775 1523 σοῦ
785 1462 853 1522 τῶν
862 1453 1048 1542 ἡλικιωτῶν
1057 1453 1160 1542 ἀρετῇ
1167 1504 1177 1539 ,
1201 1465 1321 1521 azo-1411

312 1553 354 1623 λῦ
365 1555 401 1623 δέ
412 1562 539 1642 μᾶλλον
552 1552 612 1634 οὓς
621 1553 667 1624 σύ
684 1552 781 1623 ὁτοέν
796 1554 1002 1640 τηλικούτων
1011 1551 1155 1639 ύχαθῦν
1164 1552 1263 1638 ἠξιω-

312 1657 410 1740 μένος
422 1661 549 1722 σαυτοῦ
559 1659 739 1740 προκρίνας
756 1650 868 1734 ύξίους
884 1652 968 1721 εἶναι
980 1658 1099 1738 φίλους
1109 1656 1143 1731 ἐξ
1154 1649 1263 1721 ἆπύν·

311 1778 379 1819 των
388 1745 477 1838 αίρῇ.
504 1750 583 1829 τούς
599 1751 660 1838 μέν
670 1752 734 1837 γὰρ
745 1749 766 1839 ἡ
778 1752 860 1838 τύχη
872 1770 925 1819 σοι
936 1751 1095 1837 μετόχους
1104 1751 1263 1835 κατέστη-

313 1871 366 1936 σε,
386 1849 464 1929 τούς
480 1849 543 1937 δίξ
562 1853 704 1938 σφετέρα
715 1849 946 1936 καλοκάγαθία
957 1851 1260 1937 προσσυνέστησεν·

270 1946 372 2027 ςηοῦς
382 1947 446 2016 οὐκ
457 1947 530 2016 οἰδα
542 1948 683 2036 πότερον
693 1945 864 2035 ἐραστὰςιῖ
878 1947 1004 2035 μόνους
1014 1943 1127 2035 ὀρθῶς
1136 1946 1263 2032 μιγνύ-

314 2067 454 2138 σκοντας
468 2053 737 2132 προσαγορεῦσαι
752 2047 823 2133 χρή.
855 2051 949 2114 δοκεῖ
962 2046 1027 2131 γάρ
1046 2070 1103 2130 μοι
1122 2049 1179 2112 καί
1195 2039 1261 2112 κατ’

313 2141 415 2230 ύρχύς
430 2142 451 2231 ἡ
467 2145 565 2230 τύχη,
587 2153 656 2213 τοῖν
671 2145 734 2231 μέν
749 2145 891 2230 φαύλων
908 2152 1185 2231 καταφρονοῦσα,
1207 2142 1263 2221 τὰς

315 2247 350 2312 δέ
365 2250 433 2311 τῶν
450 2249 641 2313 σπουδαίων
659 2241 793 2331 ἀνδρῶν
810 2248 957 2323 διανοίας
973 2249 1121 2328 ἐρεθίσαι
1138 2249 1263 2330 βουλη-

313 2352 432 2429 θείσα,
448 2339 511 2428 τὴν
530 2340 595 2428 σὴν
614 2342 720 2429 φύσιν
738 2340 780 2411 ού
799 2341 882 2430 πρὸς
903 2341 1030 2429 ἡδονὴν
1054 2346 1263 2428 ἐξαπατηθῇ·

313 2468 368 2510 ναι
384 2442 490 2528 καλὴν
508 2450 659 2530 ποιησαι,
683 2440 766 2509 ύλλόι
784 2440 869 2525 πρὸς
885 2440 1008 2528 ἀρετὴν
1025 2439 1263 2528 εὐδαιμονῆσαι

311 2542 480 2629 χρήσιμον.

273 2662 308 2717 33
397 2640 510 2710 Πολλοὶ
530 2641 563 2708 δ’
576 2648 660 2726 ἔχων
678 2647 724 2709 ἔτι
735 2643 811 2726 περὶ
826 2648 889 2708 σοῦ
899 2644 1061 2724 διελθεῖν,
1083 2636 1191 2706 αὐτοῦ
1201 2664 1263 2706 κα-

312 2739 469 2809 ταλύσειν
479 2766 534 2826 μοι
545 2745 634 2807 δοκοῦ
643 2738 704 2806 τόν
712 2743 851 2807 ἔπαινον
856 2789 866 2824 ,
883 2737 1004 2816 ’δεδιώς
1015 2735 1059 2824 μὴ
1070 2735 1146 2804 καθ’
1160 2735 1262 2824 ὑπερ-

312 2834 417 2925 βολὴν
432 2844 489 2923 τῆς
505 2835 720 2924 ἀνθρωπίνης
735 2838 870 2923 φύσεως
880 2836 965 2922 ὑπὲρ
977 2844 1041 2904 σοῦ
1052 2838 1264 2921 διαλέγεσθαι

313 2936 412 3018 δόξω·
432 2943 594 3004 τοσοῦτον
604 2934 684 3023 γὰρ,
697 2934 741 3016 οἱς
752 2943 874 3022 ἔοικεν,
889 2934 990 3022 ἡτῶν
1000 2935 1112 3020 λόχων
1123 2935 1265 3020 δύναμις

313 3043 448 3106 ἐλαττον
463 3040 528 3121 ἔχει
543 3044 601 3122 τῆς
617 3035 724 3116 όύεως
746 3034 830 3103 ὥστε
844 3049 913 3114 τοῖς
929 3033 991 3121 μέν
1008 3032 1138 3116 ὁρατοῖς
1155 3030 1265 3109 οὐδεὶς

314 3132 461 3204 ιἰπιστεϊν
473 3136 566 3220 ιἰξιολ,
577 3133 655 3214 τούς
668 3139 702 3202 δὲ
712 3135 842 3203 τούτων
852 3138 1008 3212 ἐπαίνους
1019 3129 1092 3199 οὐδ’
1105 3125 1149 3196 όν
1162 3133 1265 3197 ἐλλεί·

226 3298 232 3311 ,
269 3246 421 3302 θλπωσιν
434 3233 665 3321 ύληθεϊςείναι
680 3239 857 3321 νομίζουσι.
890 3231 1104 3317 παυσάμενος
1114 3222 1180 3297 ούν
1191 3229 1266 3312 περὶ

313 3331 442 3399 τούτων
461 3332 525 3420 ἤδη
551 3333 752 3420 πειράσομαί
770 3352 825 3401 σοι
848 3331 1091 3420 συμβουλεύειν
1106 3331 1139 3408 ἐξ
1157 3319 1208 3396 ὧν
1222 3321 1267 3394 ἄν

315 3430 524 3514 ἐντιμότερον
541 3438 594 3512 ἔτι,
605 3431 667 3501 τόν
682 3441 810 3501 σαυτοῦ
826 3439 902 3519 ’βίον
922 3427 1150 3514 καταστήσαιςι
1182 3431 1273 3513 stov-⁴

314 3533 433 3613 λοίμην
455 3527 488 3594 δ’
501 3531 544 3598 ἄν
563 3551 600 3600 σε
620 3533 663 3620 μη
685 3534 855 3618 πάρεργον
872 3531 1078 3617 ποιήσασθαι
1099 3524 1137 3594 τδ
1160 3533 1268 3608 προσ-

315 3633 402 3715 ἐχειν
413 3623 473 3694 τόν
484 3638 568 3698 νοῦν
584 3646 651 3711 τοῖς
669 3634 826 3718 μέλλουσι
839 3631 1066 3717 ῥηθήσεσθαι,
1089 3621 1166 3711 μηδ’
1179 3619 1267 3689 ὑπο·

314 3725 497 3813 λαμβάνειν
518 3727 623 3815 τοῦθ’,
636 3727 679 3809 ὡς
700 3730 765 3817 ἄρα
787 3727 850 3815 ἐγώ
876 3729 1005 3807 τούτοις
1021 3730 1180 3812 κέχρημαι
1199 3733 1268 3798 τοῖς
