<?xml version="1.0" encoding="UTF-8"?>
<!DOCTYPE html PUBLIC "-//W3C//DTD XHTML 1.0 Transitional//EN"
    "http://www.w3.org/TR/xhtml1/DTD/xhtml1-transitional.dtd">
<html xmlns="http://www.w3.org/1999/xhtml" xml:lang="en" lang="en">
 <head>
  <title>
</title>
<meta http-equiv="Content-Type" content="text/html;charset=utf-8" />
  <meta name='ocr-system' content='tesseract 3.04.00' />
  <meta name='ocr-capabilities' content='ocr_page ocr_carea ocr_par ocr_line ocrx_word'/>
</head>
<body>
  <div class='ocr_page' id='page_1' title='image "./orationesexrece02demogoog_0195.png"; bbox 0 0 3159 4409; ppageno 0'>
   <div class='ocr_carea' id='block_1_1' title="bbox 441 508 1242 590">
    <p class='ocr_par' dir='ltr' id='par_1_1' title="bbox 441 508 1242 590">
     <span class='ocr_line' id='line_1_1' title="bbox 441 508 1242 590; baseline -0.004 1"><span class='ocrx_word' id='word_1_1' title='bbox 441 508 446 532; x_wconf 76' lang='grc'><strong>“</strong></span> <span class='ocrx_word' id='word_1_2' title='bbox 476 529 617 590; x_wconf 72' lang='grc' dir='ltr'><strong><em>πΡοΣ</em></strong></span> <span class='ocrx_word' id='word_1_3' title='bbox 645 512 1044 587; x_wconf 73' lang='grc' dir='ltr'><strong><em>ΝιΚοΣΤΡΑΤοΝ.</em></strong></span> <span class='ocrx_word' id='word_1_4' title='bbox 1182 524 1242 590; x_wconf 83' lang='lat'><strong><em>191</em></strong></span> 
     </span>
    </p>
   </div>
   <div class='ocr_carea' id='block_1_2' title="bbox 257 679 1318 3844">
    <p class='ocr_par' dir='ltr' id='par_1_2' title="bbox 257 679 1318 3844">
     <span class='ocr_line' id='line_1_2' title="bbox 290 679 1242 773; baseline -0.006 -12"><span class='ocrx_word' id='word_1_5' title='bbox 290 693 350 761; x_wconf 78' lang='grc' dir='ltr'><strong><em>ἐάν</em></strong></span> <span class='ocrx_word' id='word_1_6' title='bbox 374 689 534 770; x_wconf 75' lang='grc' dir='ltr'><em>ἀποδείξω</em></span> <span class='ocrx_word' id='word_1_7' title='bbox 555 687 768 773; x_wconf 80' lang='grc' dir='ltr'><strong><em>τάνδράποδα</em></strong></span> <span class='ocrx_word' id='word_1_8' title='bbox 782 683 999 773; x_wconf 78' lang='grc' dir='ltr'><strong><em>Ἀρεθουσίου</em></strong></span> <span class='ocrx_word' id='word_1_9' title='bbox 1020 686 1116 773; x_wconf 79' lang='grc' dir='ltr'><strong><em>ὄντα,</em></strong></span> <span class='ocrx_word' id='word_1_10' title='bbox 1137 679 1242 771; x_wconf 87' lang='grc' dir='ltr'><strong><em>ούπερ</em></strong></span> 
     </span>
     <span class='ocr_line' id='line_1_3' title="bbox 290 784 1318 881; baseline -0.006 -22"><span class='ocrx_word' id='word_1_11' title='bbox 290 794 471 876; x_wconf 74' lang='grc' dir='ltr'><strong><em>ἐγέγραπτο</em></strong></span> <span class='ocrx_word' id='word_1_12' title='bbox 483 787 583 872; x_wconf 78' lang='grc' dir='ltr'><strong><em>εἶναι,</em></strong></span> <span class='ocrx_word' id='word_1_13' title='bbox 599 785 638 854; x_wconf 87' lang='grc' dir='ltr'><strong><em>τά</em></strong></span> <span class='ocrx_word' id='word_1_14' title='bbox 649 785 709 872; x_wconf 71' lang='grc' dir='ltr'><strong><em>μὲν</em></strong></span> <span class='ocrx_word' id='word_1_15' title='bbox 719 793 794 872; x_wconf 90' lang='grc' dir='ltr'><strong><em>τρία</em></strong></span> <span class='ocrx_word' id='word_1_16' title='bbox 804 791 903 873; x_wconf 83' lang='grc' dir='ltr'><strong><em>μέρη,</em></strong></span> <span class='ocrx_word' id='word_1_17' title='bbox 914 784 938 854; x_wconf 81' lang='grc' dir='ltr'><strong><em>ἀ</em></strong></span> <span class='ocrx_word' id='word_1_18' title='bbox 948 790 1062 855; x_wconf 79' lang='grc' dir='ltr'><strong><em>ἐκτῶν</em></strong></span> <span class='ocrx_word' id='word_1_19' title='bbox 1070 788 1186 874; x_wconf 87' lang='grc' dir='ltr'><strong><em>νόμων</em></strong></span> <span class='ocrx_word' id='word_1_20' title='bbox 1196 792 1243 881; x_wconf 72' lang='grc' dir='ltr'><strong><em>τῷ</em></strong></span> <span class='ocrx_word' id='word_1_21' title='bbox 1251 795 1318 853; x_wconf 70' lang='grc' dir='ltr'><strong><em>1θ47</em></strong></span> 
     </span>
     <span class='ocr_line' id='line_1_4' title="bbox 290 884 1241 978; baseline -0.002 -21"><span class='ocrx_word' id='word_1_22' title='bbox 290 889 404 976; x_wconf 82' lang='grc' dir='ltr'><strong><em>ίδιιύτη</em></strong></span> <span class='ocrx_word' id='word_1_23' title='bbox 425 894 470 978; x_wconf 75' lang='grc' dir='ltr'><strong><em>τῷ</em></strong></span> <span class='ocrx_word' id='word_1_24' title='bbox 493 884 725 973; x_wconf 71' lang='grc' dir='ltr'><strong><em>ἀπογράψαντι</em></strong></span> <span class='ocrx_word' id='word_1_25' title='bbox 743 893 905 974; x_wconf 88' lang='grc' dir='ltr'><strong><em>γίγνεται,</em></strong></span> <span class='ocrx_word' id='word_1_26' title='bbox 934 894 976 975; x_wconf 78' lang='grc' dir='ltr'><strong><em>τῇ</em></strong></span> <span class='ocrx_word' id='word_1_27' title='bbox 991 886 1093 955; x_wconf 86' lang='grc' dir='ltr'><strong><em>Ιπόλει</em></strong></span> <span class='ocrx_word' id='word_1_28' title='bbox 1113 886 1241 976; x_wconf 87' lang='grc' dir='ltr'><strong><em>ἀφίημι,</em></strong></span> 
     </span>
     <span class='ocr_line' id='line_1_5' title="bbox 262 980 1243 1077; baseline -0.001 -21"><span class='ocrx_word' id='word_1_29' title='bbox 262 987 382 1077; x_wconf 72' lang='grc' dir='ltr'><strong><em>θαύτςδ</em></strong></span> <span class='ocrx_word' id='word_1_30' title='bbox 402 987 433 1055; x_wconf 86' lang='grc' dir='ltr'><strong><em>δ’</em></strong></span> <span class='ocrx_word' id='word_1_31' title='bbox 453 989 526 1074; x_wconf 77' lang='grc' dir='ltr'><strong><em>ἐμοὶ</em></strong></span> <span class='ocrx_word' id='word_1_32' title='bbox 542 993 786 1073; x_wconf 71' lang='grc' dir='ltr'><strong><em>τετιμωρῆσθαι</em></strong></span> <span class='ocrx_word' id='word_1_33' title='bbox 802 984 900 1070; x_wconf 85' lang='grc' dir='ltr'><strong><em>ἀρκεί</em></strong></span> <span class='ocrx_word' id='word_1_34' title='bbox 913 987 1027 1073; x_wconf 87' lang='grc' dir='ltr'><strong><em>μόνον.</em></strong></span> <span class='ocrx_word' id='word_1_35' title='bbox 1060 992 1091 1054; x_wconf 89' lang='grc' dir='ltr'><strong><em>εί</em></strong></span> <span class='ocrx_word' id='word_1_36' title='bbox 1106 980 1243 1072; x_wconf 74' lang='grc' dir='ltr'><strong><em>μὲνοῦν</em></strong></span> 
     </span>
     <span class='ocr_line' id='line_1_6' title="bbox 290 1078 1242 1173; baseline -0.001 -20"><span class='ocrx_word' id='word_1_37' title='bbox 290 1112 347 1173; x_wconf 92' lang='grc' dir='ltr'><strong><em>μοι</em></strong></span> <span class='ocrx_word' id='word_1_38' title='bbox 365 1078 408 1173; x_wconf 78' lang='grc' dir='ltr'><strong><em>ἦν</em></strong></span> <span class='ocrx_word' id='word_1_39' title='bbox 424 1085 541 1155; x_wconf 85' lang='grc' dir='ltr'><strong><em>λκανόν</em></strong></span> <span class='ocrx_word' id='word_1_40' title='bbox 559 1082 595 1152; x_wconf 87' lang='grc' dir='ltr'><strong><em>τδ</em></strong></span> <span class='ocrx_word' id='word_1_41' title='bbox 613 1083 707 1171; x_wconf 84' lang='grc' dir='ltr'><strong><em>ύδωρ</em></strong></span> <span class='ocrx_word' id='word_1_42' title='bbox 724 1084 945 1170; x_wconf 80' lang='grc' dir='ltr'><strong><em>διηγήσασθαι</em></strong></span> <span class='ocrx_word' id='word_1_43' title='bbox 963 1083 1046 1171; x_wconf 83' lang='grc' dir='ltr'><strong><em>πρὸς</em></strong></span> <span class='ocrx_word' id='word_1_44' title='bbox 1061 1083 1242 1172; x_wconf 80' lang='grc' dir='ltr'><strong><em>ύμιῖςτάἐξ</em></strong></span> 
     </span>
     <span class='ocr_line' id='line_1_7' title="bbox 290 1178 1243 1271; baseline -0.003 -19"><span class='ocrx_word' id='word_1_45' title='bbox 290 1183 407 1271; x_wconf 83' lang='grc' dir='ltr'><strong><em>ἀρχῆς,</em></strong></span> <span class='ocrx_word' id='word_1_46' title='bbox 429 1181 482 1251; x_wconf 81' lang='grc' dir='ltr'><strong><em>δυ’</em></strong></span> <span class='ocrx_word' id='word_1_47' title='bbox 501 1180 614 1269; x_wconf 86' lang='grc' dir='ltr'><strong><em>ἀγαθά</em></strong></span> <span class='ocrx_word' id='word_1_48' title='bbox 633 1184 840 1262; x_wconf 87' lang='grc' dir='ltr'><strong><em>πεπονθότες</em></strong></span> <span class='ocrx_word' id='word_1_49' title='bbox 849 1180 908 1250; x_wconf 80' lang='grc' dir='ltr'><strong><em>ἀπ’</em></strong></span> <span class='ocrx_word' id='word_1_50' title='bbox 921 1188 1004 1269; x_wconf 79' lang='grc' dir='ltr'><strong><em>ἐμοῦ</em></strong></span> <span class='ocrx_word' id='word_1_51' title='bbox 1014 1178 1068 1252; x_wconf 72' lang='lat' dir='ltr'><strong><em>old</em></strong></span> <span class='ocrx_word' id='word_1_52' title='bbox 1079 1208 1120 1269; x_wconf 89' lang='grc' dir='ltr'><strong><em>με</em></strong></span> <span class='ocrx_word' id='word_1_53' title='bbox 1130 1188 1243 1267; x_wconf 88' lang='grc' dir='ltr'><strong><em>είργα-</em></strong></span> 
     </span>
     <span class='ocr_line' id='line_1_8' title="bbox 291 1275 1242 1369; baseline -0.001 -20"><span class='ocrx_word' id='word_1_54' title='bbox 291 1287 406 1369; x_wconf 84' lang='grc' dir='ltr'><strong><em>σμένοι</em></strong></span> <span class='ocrx_word' id='word_1_55' title='bbox 423 1285 523 1367; x_wconf 81' lang='grc' dir='ltr'><strong><em>εἰσίν,</em></strong></span> <span class='ocrx_word' id='word_1_56' title='bbox 545 1275 584 1349; x_wconf 87' lang='grc' dir='ltr'><strong><em>εύ</em></strong></span> <span class='ocrx_word' id='word_1_57' title='bbox 601 1279 666 1349; x_wconf 80' lang='grc' dir='ltr'><strong><em>οἷδ’</em></strong></span> <span class='ocrx_word' id='word_1_58' title='bbox 687 1279 739 1349; x_wconf 84' lang='grc' dir='ltr'><strong><em>δτι</em></strong></span> <span class='ocrx_word' id='word_1_59' title='bbox 755 1278 848 1368; x_wconf 81' lang='grc' dir='ltr'><strong><em>ύμείς</em></strong></span> <span class='ocrx_word' id='word_1_60' title='bbox 864 1279 895 1348; x_wconf 87' lang='grc' dir='ltr'><strong><em>τ’</em></strong></span> <span class='ocrx_word' id='word_1_61' title='bbox 913 1279 957 1349; x_wconf 80' lang='grc' dir='ltr'><strong><em>ἀν</em></strong></span> <span class='ocrx_word' id='word_1_62' title='bbox 973 1307 1028 1368; x_wconf 90' lang='grc' dir='ltr'><strong><em>μοι</em></strong></span> <span class='ocrx_word' id='word_1_63' title='bbox 1042 1286 1090 1348; x_wconf 77' lang='grc' dir='ltr'><strong><em>ἔτι</em></strong></span> <span class='ocrx_word' id='word_1_64' title='bbox 1114 1288 1242 1366; x_wconf 80' lang='grc' dir='ltr'><strong><em>μᾶλλον</em></strong></span> 
     </span>
     <span class='ocr_line' id='line_1_9' title="bbox 291 1376 1240 1468; baseline -0.003 -19"><span class='ocrx_word' id='word_1_65' title='bbox 291 1381 491 1468; x_wconf 77' lang='grc' dir='ltr'><strong><em>συγγνώμην</em></strong></span> <span class='ocrx_word' id='word_1_66' title='bbox 510 1389 609 1466; x_wconf 85' lang='grc' dir='ltr'><strong><em>είχετε</em></strong></span> <span class='ocrx_word' id='word_1_67' title='bbox 627 1386 688 1448; x_wconf 87' lang='grc' dir='ltr'><strong><em>τού</em></strong></span> <span class='ocrx_word' id='word_1_68' title='bbox 706 1376 895 1465; x_wconf 78' lang='grc' dir='ltr'><strong><em>ὀργίζεσθαι</em></strong></span> <span class='ocrx_word' id='word_1_69' title='bbox 907 1378 1031 1465; x_wconf 75' lang='grc' dir='ltr'><strong><em>αὐτοῖς,</em></strong></span> <span class='ocrx_word' id='word_1_70' title='bbox 1054 1380 1194 1458; x_wconf 81' lang='grc' dir='ltr'><strong><em>τούτους</em></strong></span> <span class='ocrx_word' id='word_1_71' title='bbox 1209 1377 1240 1446; x_wconf 87' lang='grc' dir='ltr'><strong><em>τ’</em></strong></span> 
     </span>
     <span class='ocr_line' id='line_1_10' title="bbox 291 1477 1242 1566; baseline -0.003 -17"><span class='ocrx_word' id='word_1_72' title='bbox 291 1479 534 1558; x_wconf 75' lang='grc' dir='ltr'><strong><em>ἀνοσιωτάτους</em></strong></span> <span class='ocrx_word' id='word_1_73' title='bbox 544 1477 738 1562; x_wconf 77' lang='grc' dir='ltr'><strong><em>ἀνθρώπων</em></strong></span> <span class='ocrx_word' id='word_1_74' title='bbox 748 1477 922 1566; x_wconf 75' lang='grc' dir='ltr'><strong><em>ἡγήσασθε</em></strong></span> <span class='ocrx_word' id='word_1_75' title='bbox 932 1477 1029 1547; x_wconf 81' lang='grc' dir='ltr'><strong><em>εἶναι·</em></strong></span> <span class='ocrx_word' id='word_1_76' title='bbox 1045 1488 1109 1547; x_wconf 85' lang='grc' dir='ltr'><strong><em>νῦν</em></strong></span> <span class='ocrx_word' id='word_1_77' title='bbox 1119 1478 1151 1546; x_wconf 91' lang='grc' dir='ltr'><strong><em>δ’</em></strong></span> <span class='ocrx_word' id='word_1_78' title='bbox 1163 1477 1242 1547; x_wconf 74' lang='grc' dir='ltr'><strong><em>ούδδ</em></strong></span> 
     </span>
     <span class='ocr_line' id='line_1_11' title="bbox 291 1573 1242 1664; baseline -0.002 -16"><span class='ocrx_word' id='word_1_79' title='bbox 291 1578 467 1648; x_wconf 88' lang='grc' dir='ltr'><strong><em>διπλάσιόν</em></strong></span> <span class='ocrx_word' id='word_1_80' title='bbox 476 1605 532 1664; x_wconf 94' lang='grc' dir='ltr'><strong><em>μοι</em></strong></span> <span class='ocrx_word' id='word_1_81' title='bbox 542 1578 664 1645; x_wconf 89' lang='grc' dir='ltr'><strong><em>τούτου</em></strong></span> <span class='ocrx_word' id='word_1_82' title='bbox 675 1575 768 1664; x_wconf 86' lang='grc' dir='ltr'><strong><em>ύδωρ</em></strong></span> <span class='ocrx_word' id='word_1_83' title='bbox 780 1575 899 1646; x_wconf 87' lang='grc' dir='ltr'><strong><em>ίκανόν</em></strong></span> <span class='ocrx_word' id='word_1_84' title='bbox 909 1573 951 1646; x_wconf 82' lang='grc' dir='ltr'><strong><em>ἀν</em></strong></span> <span class='ocrx_word' id='word_1_85' title='bbox 961 1581 1098 1662; x_wconf 84' lang='grc' dir='ltr'><strong><em>γίνοιτο</em></strong></span> <span class='ocrx_word' id='word_1_86' title='bbox 1129 1576 1169 1645; x_wconf 90' lang='grc' dir='ltr'><strong><em>τά</em></strong></span> <span class='ocrx_word' id='word_1_87' title='bbox 1180 1580 1242 1664; x_wconf 75' lang='grc' dir='ltr'><strong><em>μὲν</em></strong></span> 
     </span>
     <span class='ocr_line' id='line_1_12' title="bbox 291 1671 1241 1796; baseline -0.001 -50"><span class='ocrx_word' id='word_1_88' title='bbox 291 1671 356 1746; x_wconf 79' lang='grc' dir='ltr'><strong><em>οὖν</em></strong></span> <span class='ocrx_word' id='word_1_89' title='bbox 373 1677 507 1761; x_wconf 83' lang='grc' dir='ltr'><strong><em>μέγιστα</em></strong></span> <span class='ocrx_word' id='word_1_90' title='bbox 518 1678 573 1743; x_wconf 81' lang='grc' dir='ltr'><strong><em>καὶ</em></strong></span> <span class='ocrx_word' id='word_1_91' title='bbox 568 1682 750 1796; x_wconf 78' lang='grc' dir='ltr'><strong><em>περιφανῆ</em></strong></span> <span class='ocrx_word' id='word_1_92' title='bbox 762 1702 833 1743; x_wconf 89' lang='grc' dir='ltr'><strong><em>των</em></strong></span> <span class='ocrx_word' id='word_1_93' title='bbox 843 1675 1070 1764; x_wconf 88' lang='grc' dir='ltr'><strong><em>αδικηματων,</em></strong></span> <span class='ocrx_word' id='word_1_94' title='bbox 1092 1673 1172 1745; x_wconf 80' lang='grc' dir='ltr'><strong><em>καί</em></strong></span> <span class='ocrx_word' id='word_1_95' title='bbox 1157 1677 1241 1746; x_wconf 84' lang='grc' dir='ltr'><strong><em>οπό-</em></strong></span> 
     </span>
     <span class='ocr_line' id='line_1_13' title="bbox 290 1770 1240 1864; baseline 0.002 -22"><span class='ocrx_word' id='word_1_96' title='bbox 290 1770 387 1861; x_wconf 81' lang='grc' dir='ltr'><strong><em>θενὴ</em></strong></span> <span class='ocrx_word' id='word_1_97' title='bbox 402 1771 579 1861; x_wconf 81' lang='grc' dir='ltr'><strong><em>ἀπογραφὴ</em></strong></span> <span class='ocrx_word' id='word_1_98' title='bbox 593 1773 675 1862; x_wconf 79' lang='grc' dir='ltr'><strong><em>αὕτη</em></strong></span> <span class='ocrx_word' id='word_1_99' title='bbox 686 1779 841 1898; x_wconf 83' lang='grc' dir='ltr'><strong><em>γέγονεν,</em></strong></span> <span class='ocrx_word' id='word_1_100' title='bbox 861 1780 925 1863; x_wconf 80' lang='grc' dir='ltr'><strong><em>ἐρῶ</em></strong></span> <span class='ocrx_word' id='word_1_101' title='bbox 936 1774 1019 1864; x_wconf 84' lang='grc' dir='ltr'><strong><em>πρὸς</em></strong></span> <span class='ocrx_word' id='word_1_102' title='bbox 1028 1773 1129 1862; x_wconf 87' lang='grc' dir='ltr'><strong><em>ύμάς,</em></strong></span> <span class='ocrx_word' id='word_1_103' title='bbox 1152 1801 1192 1843; x_wconf 91' lang='grc' dir='ltr'><strong><em>τα</em></strong></span> <span class='ocrx_word' id='word_1_104' title='bbox 1180 1773 1240 1844; x_wconf 70' lang='grc' dir='ltr'><strong><em>δὲ</em></strong></span> 
     </span>
     <span class='ocr_line' id='line_1_14' title="bbox 289 1871 501 1942; baseline -0.015 0"><span class='ocrx_word' id='word_1_105' title='bbox 289 1874 396 1942; x_wconf 91' lang='grc' dir='ltr'><strong><em>πολλα</em></strong></span> <span class='ocrx_word' id='word_1_106' title='bbox 407 1871 501 1940; x_wconf 80' lang='grc' dir='ltr'><strong><em>ἐασω</em></strong></span> 
     </span>
     <span class='ocr_line' id='line_1_15' title="bbox 258 1966 1240 2062; baseline 0.003 -22"><span class='ocrx_word' id='word_1_107' title='bbox 258 2006 278 2058; x_wconf 85' lang='lat'>4</span> <span class='ocrx_word' id='word_1_108' title='bbox 373 1971 601 2057; x_wconf 89' lang='grc' dir='ltr'><strong><em>Νικοστρατος</em></strong></span> <span class='ocrx_word' id='word_1_109' title='bbox 611 1998 676 2059; x_wconf 89' lang='grc' dir='ltr'><strong><em>γαρ</em></strong></span> <span class='ocrx_word' id='word_1_110' title='bbox 687 1971 800 2042; x_wconf 81' lang='grc' dir='ltr'><strong><em>ουτοσλ</em></strong></span> <span class='ocrx_word' id='word_1_111' title='bbox 807 1966 987 2059; x_wconf 88' lang='grc' dir='ltr'><strong><em>ωανδρες</em></strong></span> <span class='ocrx_word' id='word_1_112' title='bbox 998 1977 1156 2062; x_wconf 82' lang='grc' dir='ltr'><strong><em>δικασταί,</em></strong></span> <span class='ocrx_word' id='word_1_113' title='bbox 1170 1978 1240 2060; x_wconf 89' lang='grc' dir='ltr'><strong><em>γεί-</em></strong></span> 
     </span>
     <span class='ocr_line' id='line_1_16' title="bbox 287 2069 1240 2162; baseline 0.003 -23"><span class='ocrx_word' id='word_1_114' title='bbox 287 2098 355 2140; x_wconf 90' lang='grc' dir='ltr'><strong><em>των</em></strong></span> <span class='ocrx_word' id='word_1_115' title='bbox 372 2097 428 2159; x_wconf 93' lang='grc' dir='ltr'><strong><em>μοι</em></strong></span> <span class='ocrx_word' id='word_1_116' title='bbox 448 2098 496 2138; x_wconf 92' lang='grc' dir='ltr'><strong><em>ων</em></strong></span> <span class='ocrx_word' id='word_1_117' title='bbox 513 2074 550 2140; x_wconf 82' lang='grc' dir='ltr'><strong><em>ἐν</em></strong></span> <span class='ocrx_word' id='word_1_118' title='bbox 565 2069 657 2162; x_wconf 74' lang='grc' dir='ltr'><strong><em>ἀγρῷ</em></strong></span> <span class='ocrx_word' id='word_1_119' title='bbox 674 2076 729 2141; x_wconf 82' lang='grc' dir='ltr'><strong><em>καί</em></strong></span> <span class='ocrx_word' id='word_1_120' title='bbox 746 2074 918 2161; x_wconf 75' lang='grc' dir='ltr'><strong><em>ἡλικιώτης</em></strong></span> <span class='ocrx_word' id='word_1_121' title='bbox 928 2076 1101 2162; x_wconf 79' lang='grc' dir='ltr'><strong><em>γνωρίμως</em></strong></span> <span class='ocrx_word' id='word_1_122' title='bbox 1114 2080 1175 2162; x_wconf 83' lang='grc' dir='ltr'><strong><em>μέν</em></strong></span> <span class='ocrx_word' id='word_1_123' title='bbox 1184 2102 1240 2162; x_wconf 92' lang='grc' dir='ltr'><strong><em>μοι</em></strong></span> 
     </span>
     <span class='ocr_line' id='line_1_17' title="bbox 288 2171 1239 2260; baseline 0 -20"><span class='ocrx_word' id='word_1_124' title='bbox 288 2171 352 2256; x_wconf 75' lang='grc' dir='ltr'><strong><em>εἶχε</em></strong></span> <span class='ocrx_word' id='word_1_125' title='bbox 363 2174 417 2240; x_wconf 82' lang='grc' dir='ltr'><strong><em>καί</em></strong></span> <span class='ocrx_word' id='word_1_126' title='bbox 429 2171 547 2258; x_wconf 82' lang='grc' dir='ltr'><strong><em>πύλαι,</em></strong></span> <span class='ocrx_word' id='word_1_127' title='bbox 570 2171 680 2260; x_wconf 80' lang='grc' dir='ltr'><strong><em>ἐπειδὴ</em></strong></span> <span class='ocrx_word' id='word_1_128' title='bbox 693 2171 725 2240; x_wconf 89' lang='grc' dir='ltr'><strong><em>δ’</em></strong></span> <span class='ocrx_word' id='word_1_129' title='bbox 736 2175 946 2260; x_wconf 78' lang='grc' dir='ltr'><strong><em>ἐτελεύτησεν</em></strong></span> <span class='ocrx_word' id='word_1_130' title='bbox 958 2171 975 2241; x_wconf 87' lang='grc' dir='ltr'>ὁ</span> <span class='ocrx_word' id='word_1_131' title='bbox 988 2176 1095 2260; x_wconf 79' lang='grc' dir='ltr'><strong><em>πατὴρ</em></strong></span> <span class='ocrx_word' id='word_1_132' title='bbox 1106 2178 1161 2242; x_wconf 80' lang='grc' dir='ltr'><strong><em>καὶ</em></strong></span> <span class='ocrx_word' id='word_1_133' title='bbox 1175 2172 1239 2259; x_wconf 76' lang='grc' dir='ltr'><strong><em>ἐγὼ</em></strong></span> 
     </span>
     <span class='ocr_line' id='line_1_18' title="bbox 287 2263 1240 2361; baseline 0.001 -24"><span class='ocrx_word' id='word_1_134' title='bbox 287 2271 325 2337; x_wconf 82' lang='grc' dir='ltr'><strong><em>ἐν</em></strong></span> <span class='ocrx_word' id='word_1_135' title='bbox 341 2270 432 2358; x_wconf 79' lang='grc' dir='ltr'><strong><em>ἀγρῷ</em></strong></span> <span class='ocrx_word' id='word_1_136' title='bbox 449 2271 639 2361; x_wconf 76' lang='grc' dir='ltr'><strong><em>κατῴκουν,</em></strong></span> <span class='ocrx_word' id='word_1_137' title='bbox 656 2263 767 2354; x_wconf 13' lang='grc' dir='ltr'><strong><em>Αούπερ</em></strong></span> <span class='ocrx_word' id='word_1_138' title='bbox 784 2275 839 2340; x_wconf 83' lang='grc' dir='ltr'><strong><em>καὶ</em></strong></span> <span class='ocrx_word' id='word_1_139' title='bbox 851 2276 1024 2355; x_wconf 82' lang='grc' dir='ltr'><strong><em>νῦυοίκῶ,</em></strong></span> <span class='ocrx_word' id='word_1_140' title='bbox 1047 2274 1240 2354; x_wconf 79' lang='grc' dir='ltr'><strong><em>καὶμᾶλλον</em></strong></span> 
     </span>
     <span class='ocr_line' id='line_1_19' title="bbox 289 2366 1240 2455; baseline 0.001 -21"><span class='ocrx_word' id='word_1_141' title='bbox 289 2366 444 2453; x_wconf 79' lang='grc' dir='ltr'><strong><em>ἀλληλοις</em></strong></span> <span class='ocrx_word' id='word_1_142' title='bbox 467 2368 530 2455; x_wconf 76' lang='grc' dir='ltr'><strong><em>ἤδη</em></strong></span> <span class='ocrx_word' id='word_1_143' title='bbox 553 2369 726 2454; x_wconf 74' lang='grc' dir='ltr'><strong><em>ἐχρώμεθα</em></strong></span> <span class='ocrx_word' id='word_1_144' title='bbox 748 2368 802 2435; x_wconf 88' lang='grc' dir='ltr'><strong><em>διά</em></strong></span> <span class='ocrx_word' id='word_1_145' title='bbox 819 2367 856 2437; x_wconf 87' lang='grc' dir='ltr'><strong><em>τὸ</em></strong></span> <span class='ocrx_word' id='word_1_146' title='bbox 874 2371 1017 2454; x_wconf 85' lang='grc' dir='ltr'><strong><em>γείτονές</em></strong></span> <span class='ocrx_word' id='word_1_147' title='bbox 1032 2393 1067 2433; x_wconf 88' lang='grc' dir='ltr'><strong><em>τε</em></strong></span> <span class='ocrx_word' id='word_1_148' title='bbox 1084 2367 1168 2434; x_wconf 75' lang='grc' dir='ltr'><strong><em>εἶναι</em></strong></span> <span class='ocrx_word' id='word_1_149' title='bbox 1184 2371 1240 2436; x_wconf 80' lang='grc' dir='ltr'><strong><em>καί</em></strong></span> 
     </span>
     <span class='ocr_line' id='line_1_20' title="bbox 286 2464 1239 2555; baseline -0.003 -20"><span class='ocrx_word' id='word_1_150' title='bbox 286 2464 465 2554; x_wconf 73' lang='grc' dir='ltr'><strong><em>ἡλικιῶται.</em></strong></span> <span class='ocrx_word' id='word_1_151' title='bbox 499 2468 625 2553; x_wconf 84' lang='grc' dir='ltr'><strong><em>χρόνον</em></strong></span> <span class='ocrx_word' id='word_1_152' title='bbox 643 2466 679 2535; x_wconf 73' lang='grc' dir='ltr'><strong><em>δὲ</em></strong></span> <span class='ocrx_word' id='word_1_153' title='bbox 692 2473 932 2555; x_wconf 84' lang='grc' dir='ltr'><strong><em>προβαίνοντος</em></strong></span> <span class='ocrx_word' id='word_1_154' title='bbox 947 2467 1001 2533; x_wconf 80' lang='grc' dir='ltr'><strong><em>καὶ</em></strong></span> <span class='ocrx_word' id='word_1_155' title='bbox 1013 2465 1102 2532; x_wconf 92' lang='grc' dir='ltr'><strong><em>πάνυ</em></strong></span> <span class='ocrx_word' id='word_1_156' title='bbox 1113 2471 1239 2545; x_wconf 87' lang='grc' dir='ltr'><strong><em>οίκείως</em></strong></span> 
     </span>
     <span class='ocr_line' id='line_1_21' title="bbox 288 2563 1239 2652; baseline -0.004 -18"><span class='ocrx_word' id='word_1_157' title='bbox 288 2571 491 2652; x_wconf 81' lang='grc' dir='ltr'><strong><em>διεκείμεθα,</em></strong></span> <span class='ocrx_word' id='word_1_158' title='bbox 514 2568 569 2633; x_wconf 80' lang='grc' dir='ltr'><strong><em>καὶ</em></strong></span> <span class='ocrx_word' id='word_1_159' title='bbox 587 2565 652 2650; x_wconf 82' lang='grc' dir='ltr'><strong><em>ἐγύ</em></strong></span> <span class='ocrx_word' id='word_1_160' title='bbox 667 2564 708 2633; x_wconf 87' lang='grc' dir='ltr'><strong><em>θ’</em></strong></span> <span class='ocrx_word' id='word_1_161' title='bbox 726 2563 833 2644; x_wconf 79' lang='grc' dir='ltr'><strong><em>οὕτως</em></strong></span> <span class='ocrx_word' id='word_1_162' title='bbox 844 2570 970 2642; x_wconf 82' lang='grc' dir='ltr'><strong><em>οἰκείως</em></strong></span> <span class='ocrx_word' id='word_1_163' title='bbox 980 2568 1146 2649; x_wconf 90' lang='grc' dir='ltr'><strong><em>διεκείμην</em></strong></span> <span class='ocrx_word' id='word_1_164' title='bbox 1157 2564 1239 2651; x_wconf 82' lang='grc' dir='ltr'><strong><em>πρὸς</em></strong></span> 
     </span>
     <span class='ocr_line' id='line_1_22' title="bbox 287 2655 1239 2751; baseline -0.004 -18"><span class='ocrx_word' id='word_1_165' title='bbox 287 2672 408 2734; x_wconf 84' lang='grc' dir='ltr'><strong><em>τούτου</em></strong></span> <span class='ocrx_word' id='word_1_166' title='bbox 427 2660 663 2744; x_wconf 65' lang='grc' dir='ltr'><strong><em>ὥστ”ούδενδς</em></strong></span> <span class='ocrx_word' id='word_1_167' title='bbox 679 2662 812 2733; x_wconf 85' lang='grc' dir='ltr'><strong><em>πύποτε</em></strong></span> <span class='ocrx_word' id='word_1_168' title='bbox 830 2655 878 2732; x_wconf 67' lang='grc' dir='ltr'><strong><em>εἶν</em></strong></span> <span class='ocrx_word' id='word_1_169' title='bbox 898 2662 1021 2751; x_wconf 78' lang='grc' dir='ltr'><strong><em>ἐδεήθη</em></strong></span> <span class='ocrx_word' id='word_1_170' title='bbox 1044 2655 1141 2741; x_wconf 79' lang='grc' dir='ltr'><strong><em>οὗτος</em></strong></span> <span class='ocrx_word' id='word_1_171' title='bbox 1158 2665 1239 2748; x_wconf 78' lang='grc' dir='ltr'><strong><em>ἐμοῦ</em></strong></span> 
     </span>
     <span class='ocr_line' id='line_1_23' title="bbox 287 2753 1236 2850; baseline -0.006 -17"><span class='ocrx_word' id='word_1_172' title='bbox 287 2762 463 2850; x_wconf 83' lang='grc' dir='ltr'><strong><em>ἀπέτυχεν,</em></strong></span> <span class='ocrx_word' id='word_1_173' title='bbox 488 2753 585 2843; x_wconf 78' lang='grc' dir='ltr'><strong><em>οὗτός</em></strong></span> <span class='ocrx_word' id='word_1_174' title='bbox 602 2760 633 2831; x_wconf 86' lang='grc' dir='ltr'><strong><em>τ’</em></strong></span> <span class='ocrx_word' id='word_1_175' title='bbox 652 2756 697 2831; x_wconf 83' lang='grc' dir='ltr'><strong><em>αὖ</em></strong></span> <span class='ocrx_word' id='word_1_176' title='bbox 714 2766 785 2850; x_wconf 78' lang='grc' dir='ltr'><strong><em>ἐμοὶ</em></strong></span> <span class='ocrx_word' id='word_1_177' title='bbox 804 2761 867 2833; x_wconf 88' lang='grc' dir='ltr'><strong><em>ούκ</em></strong></span> <span class='ocrx_word' id='word_1_178' title='bbox 883 2762 1042 2850; x_wconf 74' lang='grc' dir='ltr'><strong><em>ἄχρηστος</em></strong></span> <span class='ocrx_word' id='word_1_179' title='bbox 1053 2754 1096 2849; x_wconf 78' lang='grc' dir='ltr'><strong><em>ἦν</em></strong></span> <span class='ocrx_word' id='word_1_180' title='bbox 1107 2760 1190 2845; x_wconf 83' lang='grc' dir='ltr'><strong><em>πρὸς</em></strong></span> <span class='ocrx_word' id='word_1_181' title='bbox 1200 2759 1236 2827; x_wconf 84' lang='grc' dir='ltr'><strong><em>τὰ</em></strong></span> 
     </span>
     <span class='ocr_line' id='line_1_24' title="bbox 287 2860 1238 2951; baseline -0.005 -19"><span class='ocrx_word' id='word_1_182' title='bbox 287 2869 527 2951; x_wconf 80' lang='grc' dir='ltr'><strong><em>ἐπιμεληθῆναι</em></strong></span> <span class='ocrx_word' id='word_1_183' title='bbox 535 2865 591 2932; x_wconf 83' lang='grc' dir='ltr'><strong><em>καὶ</em></strong></span> <span class='ocrx_word' id='word_1_184' title='bbox 602 2866 837 2951; x_wconf 80' lang='grc' dir='ltr'><strong><em>διοικησαι,καδ</em></strong></span> <span class='ocrx_word' id='word_1_185' title='bbox 848 2860 947 2931; x_wconf 85' lang='grc' dir='ltr'><strong><em>ὁπότε</em></strong></span> <span class='ocrx_word' id='word_1_186' title='bbox 958 2861 1020 2948; x_wconf 79' lang='grc' dir='ltr'><strong><em>ἐγω</em></strong></span> <span class='ocrx_word' id='word_1_187' title='bbox 1032 2861 1238 2948; x_wconf 89' lang='grc' dir='ltr'><strong><em>ἀποδημοίην</em></strong></span> 
     </span>
     <span class='ocr_line' id='line_1_25' title="bbox 286 2958 1239 3085; baseline -0.006 -56"><span class='ocrx_word' id='word_1_188' title='bbox 286 2961 309 3050; x_wconf 76' lang='grc' dir='ltr'><em>ἢ</em></span> <span class='ocrx_word' id='word_1_189' title='bbox 323 2967 462 3083; x_wconf 87' lang='grc' dir='ltr'><strong><em>δημοσία</em></strong></span> <span class='ocrx_word' id='word_1_190' title='bbox 474 2970 681 3085; x_wconf 70' lang='grc' dir='ltr'><strong><em>τριηραρχῶν</em></strong></span> <span class='ocrx_word' id='word_1_191' title='bbox 692 2958 715 3050; x_wconf 75' lang='grc' dir='ltr'><strong><em>ἦ</em></strong></span> <span class='ocrx_word' id='word_1_192' title='bbox 726 2967 793 3051; x_wconf 80' lang='grc' dir='ltr'><strong><em>ίδίςι</em></strong></span> <span class='ocrx_word' id='word_1_193' title='bbox 803 2961 875 3031; x_wconf 88' lang='grc' dir='ltr'><strong><em>κατ’</em></strong></span> <span class='ocrx_word' id='word_1_194' title='bbox 890 2961 969 3030; x_wconf 82' lang='grc' dir='ltr'><strong><em>ἀλλο</em></strong></span> <span class='ocrx_word' id='word_1_195' title='bbox 981 2989 1012 3030; x_wconf 95' lang='grc' dir='ltr'><strong><em>τι</em></strong></span> <span class='ocrx_word' id='word_1_196' title='bbox 1024 3000 1026 3005; x_wconf 92' lang='grc'><strong><em>·</em></strong></span> <span class='ocrx_word' id='word_1_197' title='bbox 1018 2961 1160 3049; x_wconf 86' lang='grc' dir='ltr'><strong><em>,κύριον</em></strong></span> <span class='ocrx_word' id='word_1_198' title='bbox 1170 2966 1239 3030; x_wconf 76' lang='grc' dir='ltr'><strong><em>τῶν</em></strong></span> 
     </span>
     <span class='ocr_line' id='line_1_26' title="bbox 259 3030 1238 3149; baseline -0.009 -16"><span class='ocrx_word' id='word_1_199' title='bbox 259 3066 324 3133; x_wconf 81' lang='grc' dir='ltr'><strong><em>5ἐυ</em></strong></span> <span class='ocrx_word' id='word_1_200' title='bbox 343 3058 436 3149; x_wconf 88' lang='grc' dir='ltr'><strong><em>ἀγρω</em></strong></span> <span class='ocrx_word' id='word_1_201' title='bbox 451 3068 573 3129; x_wconf 90' lang='grc' dir='ltr'><strong><em>τούτου</em></strong></span> <span class='ocrx_word' id='word_1_202' title='bbox 591 3060 750 3130; x_wconf 74' lang='grc' dir='ltr'><strong><em>ἁπάντων</em></strong></span> <span class='ocrx_word' id='word_1_203' title='bbox 764 3030 965 3131; x_wconf 80' lang='grc' dir='ltr'><strong><em>ιίατέλειπον.</em></strong></span> <span class='ocrx_word' id='word_1_204' title='bbox 1000 3067 1174 3147; x_wconf 85' lang='grc' dir='ltr'><strong><em>συμβαίνει</em></strong></span> <span class='ocrx_word' id='word_1_205' title='bbox 1196 3057 1238 3144; x_wconf 90' lang='grc' dir='ltr'><strong><em>δη’</em></strong></span> 
     </span>
     <span class='ocr_line' id='line_1_27' title="bbox 265 3155 1237 3265; baseline -0.006 -35.861"><span class='ocrx_word' id='word_1_206' title='bbox 265 3188 343 3265; x_wconf 95' lang='grc' dir='ltr'><strong><em>μοι</em></strong></span> <span class='ocrx_word' id='word_1_207' title='bbox 353 3166 546 3248; x_wconf 88' lang='grc' dir='ltr'><strong><em>τριηραρχια</em></strong></span> <span class='ocrx_word' id='word_1_208' title='bbox 556 3163 631 3246; x_wconf 79' lang='grc' dir='ltr'><strong><em>περὶ</em></strong></span> <span class='ocrx_word' id='word_1_209' title='bbox 639 3162 914 3250; x_wconf 89' lang='grc' dir='ltr'><strong><em>Πελοποννησον,</em></strong></span> <span class='ocrx_word' id='word_1_210' title='bbox 935 3155 1107 3227; x_wconf 77' lang='grc' dir='ltr'><strong><em>ἐκεῖθενδ</em></strong></span> <span class='ocrx_word' id='word_1_211' title='bbox 1119 3162 1165 3236; x_wconf 89' lang='grc' dir='ltr'><strong><em>είς</em></strong></span> <span class='ocrx_word' id='word_1_212' title='bbox 1173 3164 1237 3224; x_wconf 90' lang='grc' dir='ltr'><strong><em>Σι-</em></strong></span> 
     </span>
     <span class='ocr_line' id='line_1_28' title="bbox 265 3244 1237 3346; baseline -0.003 -17.931"><span class='ocrx_word' id='word_1_213' title='bbox 265 3244 401 3328; x_wconf 87' lang='grc' dir='ltr'><strong><em>κελίαν</em></strong></span> <span class='ocrx_word' id='word_1_214' title='bbox 410 3261 477 3328; x_wconf 77' lang='grc' dir='ltr'><strong><em>ἔδει</em></strong></span> <span class='ocrx_word' id='word_1_215' title='bbox 486 3256 564 3337; x_wconf 84' lang='grc' dir='ltr'><strong><em>τούς</em></strong></span> <span class='ocrx_word' id='word_1_216' title='bbox 575 3259 758 3346; x_wconf 75' lang='grc' dir='ltr'><strong><em>πρέσβεις”</em></strong></span> <span class='ocrx_word' id='word_1_217' title='bbox 736 3287 845 3345; x_wconf 85' lang='grc' dir='ltr'><strong><em>αγειν,</em></strong></span> <span class='ocrx_word' id='word_1_218' title='bbox 861 3256 920 3338; x_wconf 85' lang='grc' dir='ltr'><strong><em>ούς</em></strong></span> <span class='ocrx_word' id='word_1_219' title='bbox 932 3271 950 3326; x_wconf 86' lang='grc' dir='ltr'><strong><em>ο</em></strong></span> <span class='ocrx_word' id='word_1_220' title='bbox 940 3255 1066 3344; x_wconf 80' lang='grc' dir='ltr'><strong><em>δῆμος</em></strong></span> <span class='ocrx_word' id='word_1_221' title='bbox 1076 3256 1237 3342; x_wconf 82' lang='grc' dir='ltr'><strong><em>ἐχειροτό·</em></strong></span> 
     </span>
     <span class='ocr_line' id='line_1_29' title="bbox 287 3355 1236 3445; baseline -0.004 -19"><span class='ocrx_word' id='word_1_222' title='bbox 287 3377 397 3445; x_wconf 89' lang='grc' dir='ltr'><strong><em>νησευ.</em></strong></span> <span class='ocrx_word' id='word_1_223' title='bbox 430 3383 533 3443; x_wconf 92' lang='grc' dir='ltr'><strong><em>ηουν</em></strong></span> <span class='ocrx_word' id='word_1_224' title='bbox 544 3383 698 3445; x_wconf 91' lang='grc' dir='ltr'><strong><em>αναγωγη</em></strong></span> <span class='ocrx_word' id='word_1_225' title='bbox 686 3356 765 3426; x_wconf 93' lang='grc' dir='ltr'><strong><em>δια</em></strong></span> <span class='ocrx_word' id='word_1_226' title='bbox 775 3361 901 3444; x_wconf 87' lang='grc' dir='ltr'><strong><em>ταχεων</em></strong></span> <span class='ocrx_word' id='word_1_227' title='bbox 911 3355 1057 3442; x_wconf 79' lang='grc' dir='ltr'><strong><em>ἕγιγνετο</em></strong></span> <span class='ocrx_word' id='word_1_228' title='bbox 1067 3381 1130 3442; x_wconf 90' lang='grc' dir='ltr'><strong><em>μοι</em></strong></span> <span class='ocrx_word' id='word_1_229' title='bbox 1164 3360 1236 3423; x_wconf 75' lang='grc' dir='ltr'><strong><em>ἐπι-</em></strong></span> 
     </span>
     <span class='ocr_line' id='line_1_30' title="bbox 287 3451 1234 3545; baseline -0.004 -19"><span class='ocrx_word' id='word_1_230' title='bbox 287 3460 410 3527; x_wconf 83' lang='grc' dir='ltr'><strong><em>στέλλω</em></strong></span> <span class='ocrx_word' id='word_1_231' title='bbox 427 3458 468 3543; x_wconf 94' lang='grc' dir='ltr'><strong><em>δη</em></strong></span> <span class='ocrx_word' id='word_1_232' title='bbox 485 3455 577 3543; x_wconf 74' lang='grc' dir='ltr'><strong><em>αύτῷ</em></strong></span> <span class='ocrx_word' id='word_1_233' title='bbox 587 3455 638 3526; x_wconf 83' lang='grc' dir='ltr'><strong><em>ὅτι</em></strong></span> <span class='ocrx_word' id='word_1_234' title='bbox 648 3455 750 3537; x_wconf 89' lang='grc' dir='ltr'><strong><em>αύτός</em></strong></span> <span class='ocrx_word' id='word_1_235' title='bbox 759 3455 851 3545; x_wconf 74' lang='grc' dir='ltr'><strong><em>μδν’</em></strong></span> <span class='ocrx_word' id='word_1_236' title='bbox 832 3482 976 3542; x_wconf 91' lang='grc' dir='ltr'><strong><em>ανηγμαι</em></strong></span> <span class='ocrx_word' id='word_1_237' title='bbox 988 3453 1092 3523; x_wconf 81' lang='grc' dir='ltr'><strong><em>ταδ’</em></strong></span> <span class='ocrx_word' id='word_1_238' title='bbox 1052 3480 1112 3542; x_wconf 87' lang='grc' dir='ltr'><strong><em>ονχ</em></strong></span> <span class='ocrx_word' id='word_1_239' title='bbox 1123 3451 1234 3534; x_wconf 88' lang='grc' dir='ltr'><strong><em>οἷόςτ’</em></strong></span> 
     </span>
     <span class='ocr_line' id='line_1_31' title="bbox 285 3550 1316 3644; baseline -0.001 -18"><span class='ocrx_word' id='word_1_240' title='bbox 285 3567 357 3644; x_wconf 86' lang='grc' dir='ltr'><strong><em>είην</em></strong></span> <span class='ocrx_word' id='word_1_241' title='bbox 369 3560 482 3625; x_wconf 86' lang='grc' dir='ltr'><strong><em>οίκαδε</em></strong></span> <span class='ocrx_word' id='word_1_242' title='bbox 492 3555 683 3644; x_wconf 84' lang='grc' dir='ltr'><strong><em>ἀφικέσθαι,</em></strong></span> <span class='ocrx_word' id='word_1_243' title='bbox 694 3562 751 3625; x_wconf 76' lang='grc' dir='ltr'><strong><em>ἵνα</em></strong></span> <span class='ocrx_word' id='word_1_244' title='bbox 760 3555 804 3644; x_wconf 77' lang='grc' dir='ltr'><strong><em>μὴ</em></strong></span> <span class='ocrx_word' id='word_1_245' title='bbox 816 3555 1058 3642; x_wconf 83' lang='grc' dir='ltr'><strong><em>κατακωλύοιμι</em></strong></span> <span class='ocrx_word' id='word_1_246' title='bbox 1068 3550 1145 3635; x_wconf 87' lang='grc' dir='ltr'><strong><em>τοδς</em></strong></span> <span class='ocrx_word' id='word_1_247' title='bbox 1156 3555 1234 3637; x_wconf 83' lang='grc' dir='ltr'><strong><em>πρέ·</em></strong></span> <span class='ocrx_word' id='word_1_248' title='bbox 1246 3569 1316 3625; x_wconf 80' lang='lat'>1248</span> 
     </span>
     <span class='ocr_line' id='line_1_32' title="bbox 284 3656 1237 3746; baseline -0.006 -22"><span class='ocrx_word' id='word_1_249' title='bbox 284 3663 389 3744; x_wconf 87' lang='grc' dir='ltr'><strong><em>σβεις·</em></strong></span> <span class='ocrx_word' id='word_1_250' title='bbox 411 3656 518 3746; x_wconf 74' lang='grc' dir='ltr'><strong><em>τούτῳ</em></strong></span> <span class='ocrx_word' id='word_1_251' title='bbox 538 3657 573 3725; x_wconf 69' lang='grc' dir='ltr'><strong><em>δὲ</em></strong></span> <span class='ocrx_word' id='word_1_252' title='bbox 591 3660 774 3741; x_wconf 81' lang='grc' dir='ltr'><strong><em>προσέταξα</em></strong></span> <span class='ocrx_word' id='word_1_253' title='bbox 789 3658 1016 3740; x_wconf 80' lang='grc' dir='ltr'><strong><em>ἐπιμελεῖσθαί</em></strong></span> <span class='ocrx_word' id='word_1_254' title='bbox 1025 3662 1138 3723; x_wconf 78' lang='grc' dir='ltr'><strong><em>τετῶν</em></strong></span> <span class='ocrx_word' id='word_1_255' title='bbox 1151 3660 1237 3720; x_wconf 83' lang='grc' dir='ltr'><strong><em>οίκοι</em></strong></span> 
     </span>
     <span class='ocr_line' id='line_1_33' title="bbox 257 3749 1237 3844; baseline -0.01 -17"><span class='ocrx_word' id='word_1_256' title='bbox 257 3758 339 3828; x_wconf 77' lang='grc' dir='ltr'><strong><em>ὁκαὶ</em></strong></span> <span class='ocrx_word' id='word_1_257' title='bbox 350 3760 501 3839; x_wconf 71' lang='grc' dir='ltr'><strong><em>διοικεῖν,</em></strong></span> <span class='ocrx_word' id='word_1_258' title='bbox 514 3753 626 3839; x_wconf 81' lang='grc' dir='ltr'><strong><em>ύσπερ</em></strong></span> <span class='ocrx_word' id='word_1_259' title='bbox 637 3756 692 3823; x_wconf 86' lang='grc' dir='ltr'><strong><em>καὶ</em></strong></span> <span class='ocrx_word' id='word_1_260' title='bbox 702 3756 740 3822; x_wconf 82' lang='grc' dir='ltr'><strong><em>ἐν</em></strong></span> <span class='ocrx_word' id='word_1_261' title='bbox 750 3761 797 3844; x_wconf 74' lang='grc' dir='ltr'><strong><em>τῷ</em></strong></span> <span class='ocrx_word' id='word_1_262' title='bbox 808 3759 998 3843; x_wconf 78' lang='grc' dir='ltr'><strong><em>ἔμπροσθεν</em></strong></span> <span class='ocrx_word' id='word_1_263' title='bbox 1006 3751 1125 3840; x_wconf 77' lang='grc' dir='ltr'><strong><em>χρόνῳ.</em></strong></span> <span class='ocrx_word' id='word_1_264' title='bbox 1154 3751 1191 3818; x_wconf 80' lang='grc' dir='ltr'><strong><em>ἐν</em></strong></span> <span class='ocrx_word' id='word_1_265' title='bbox 1201 3749 1237 3818; x_wconf 69' lang='grc' dir='ltr'><strong><em>δὲ</em></strong></span> 
     </span>
    </p>
   </div>
   <div class='ocr_carea' id='block_1_3' title="bbox 0 0 1584 4409">
    <p class='ocr_par' dir='ltr' id='par_1_3' title="bbox 0 0 1584 4409">
     <span class='ocr_line' id='line_1_34' title="bbox 0 0 1584 4409; baseline 0 1"><span class='ocrx_word' id='word_1_266' title='bbox 0 0 1584 4409; x_wconf 95' lang='lat' dir='ltr'><strong><em> </em></strong></span> 
     </span>
    </p>
   </div>
  </div>
 </body>
</html>
