3159 4409
311 508 333 570 6
507 601 513 615 ¹
536 509 601 567 XLI.
625 506 1045 573 ΔΗΜΟΣΘΕΝΟΤΣ

312 693 378 755 μοι,
389 668 468 745 τοὺς
479 666 606 746 εἰδότας
618 668 753 735 ἔλαττόν
765 695 806 753 με
816 670 1056 756 κομισάμενον,
1068 670 1146 750 τούς
1156 669 1271 750 ἀκού-,

313 793 411 844 οντας
421 762 664 851 ὁμολογοῦντος
675 763 823 850 ὀφείλειν
834 769 922 852 ἐμοὶ,
935 768 1163 855 συστήσαντος
1174 767 1261 836 ἀπο-
1274 765 1276 768 ’

314 866 448 948 δούναι,
466 863 546 944 τούς
559 864 596 932 τὸ
606 873 795 932 τελευταῖον
804 880 875 944 ταῖς
886 867 1061 953 διαθήκαις
1071 892 1260 953 παραγενο-

313 966 449 1049 μένους·
469 967 598 1043 τούτοις
620 961 684 1048 γὰρ
702 963 827 1031 ἅπασιν
844 963 954 1049 ούκέτι
976 974 1260 1051 καταχαρίσασθαι

311 1062 438 1132 ταῦθ’
421 1071 582 1150 υπήρχεν,
601 1060 683 1129 ἀλλά
701 1061 956 1129 κινδυνευειν
920 1091 982 1149 την
992 1069 1261 1150 ψευδομαρτυρι
1240 1087 1338 1141 -1033

312 1187 393 1247 αν,ε
378 1163 1014 1286 είμηδεντώνγενομένωνμαρτνροίεν.
1042 1160 1261 1248 ἀφωμεντοί-

265 1273 302 1328 17
313 1287 377 1328 νυν
388 1287 468 1328 τουτ
467 1258 560 1347 ’ήδη
592 1261 675 1344 πρὸς
694 1263 798 1328 έκεῖνο
817 1261 902 1328 δε’
868 1288 898 1327 τι
915 1289 958 1328 αν
969 1265 1090 1347 λεγοις,
1113 1260 1261 1348 ἀκριβῶς

311 1358 375 1444 γὰρ
397 1358 487 1440 ὅπως
507 1360 646 1437 τούτους
671 1360 824 1439 διδάξεις·
848 1366 879 1428 εἰ
865 1360 932 1426 ἰδε
949 1358 1012 1446 μή,
1035 1385 1156 1438 παντες
1167 1374 1260 1446 υμεις

252 1486 255 1525 ;
308 1457 468 1526 ἀπαιτεῖτ’
480 1456 592 1526 αύτόν.
627 1457 681 1525 ὅτε
698 1458 763 1544 γάρ
774 1459 985 1538 Πολύευκτος
1003 1464 1165 1527 διετίθετο
1177 1468 1260 1527 ταύ-
1281 1459 1286 1467 ’

306 1585 367 1642 τοι,
388 1564 499 1643 πυρήν
516 1561 576 1642 μὲν
593 1553 613 1643 ἡ
631 1558 753 1626 τούτου
764 1556 867 1644 γυνή,
890 1561 944 1625 καλ
957 1562 1060 1644 δῆλον
1071 1557 1120 1627 ὅτι
1132 1562 1189 1638 τὰς
1199 1565 1261 1626 τού

307 1653 435 1740 πατρὸς
452 1657 616 1742 διαθήκας
633 1655 849 1743 ἀπήγγειλεν,
872 1657 980 1736 ἄλλως
993 1656 1022 1724 ’τ’
1040 1664 1071 1725 εί
1086 1659 1141 1725 καὶ
1157 1658 1261 1743 μηδὲν

314 1764 387 1824 ἴσον
399 1753 499 1841 εἶχεν,
522 1753 588 1824 ἀλλ’
604 1758 640 1822 έν
657 1753 782 1823 ἀπασιν
797 1754 996 1841 ήλαττούτο,
1019 1755 1213 1842 παρεκλήθη
1227 1754 1259 1823 δ’

311 1852 412 1932 αὐτὸς
432 1845 540 1939 ούτος,
565 1852 648 1921 ὥστε
670 1855 752 1940 μηδὲ
768 1851 854 1920 τοῦτ’
868 1853 951 1920 εἶναι
976 1860 1083 1938 λέγειν
1095 1852 1261 1941 ύςλάθρᾳ

236 2034 239 2045 ,
311 1954 366 2022 καὶ
377 1957 455 2040 ίδίηι,
467 1953 674 2038 κρυφύμευοι
685 1953 835 2034 τούτους,
846 1953 1048 2037 έπράττομεν
1059 1960 1177 2018 ταῦτα·
1197 1976 1263 2019 πα-

312 2053 561 2140 ρακαλούμενος
578 2048 641 2137 γὰρ
657 2057 780 2137 ἔφησεν
799 2048 900 2128 αύτός
916 2052 978 2136 μέν
989 2049 1148 2136 ἀσχολίαν
1156 2049 1261 2135 ἀγειν,

269 2172 303 2227 18
312 2150 373 2238 τήν
388 2149 424 2217 δὲ
440 2147 566 2235 γυναῖκ’
587 2153 735 2235 ἐξαρκεῖν
751 2148 813 2234 τήν
830 2146 935 2215 αὑτοῦ
957 2156 1140 2231 παροῦσαν.
1163 2156 1197 2214 τί
1215 2143 1276 2214 έτι4

311 2250 446 2328 λοιπύν;
498 2249 755 2334 ἀπαγγείλαντος
783 2247 1031 2331 Ἀριστογένους
1065 2244 1154 2335 αύτῷ
1188 2248 1263 2330 περὶ

312 2347 471 2417 ἁπάντων
485 2349 615 2418 τούτων
632 2347 794 2470 ἀκριβῶς,
817 2344 890 2414 οὐδ’
905 2342 1038 2413 ἐνταῦθ’
1050 2342 1171 2412 οὐδένα
1182 2353 1263 2429 φαί-

223 2510 225 2514 .
312 2475 403 2517 νεται
413 2449 515 2532 λόγον
525 2447 756 2534 ποιησάμενος,
768 2426 838 2514 ἀλλ’
849 2450 1056 2532 ἐπιβιούντος
1066 2441 1146 2529 μετὰ
1158 2451 1261 2510 ταῦτα

311 2573 372 2614 τον
360 2549 601 2616 Πολυεύκτου
613 2543 741 2633 πλείνή
753 2543 866 2614 πένθ’
860 2543 983 2632 ἡμέρας
994 2541 1061 2610 οὔτ’
1072 2542 1258 2629 η’νανύκτη-
1336 2603 1338 2605 ,

312 2669 371 2714 σεν
381 2649 543 2715 εἰσελθών
554 2643 620 2714 οὔτ’
629 2645 783 2713 ἀντεῖπεν
795 2643 907 2765 οὐδὲνζ
912 2641 987 2710 ούδ*
996 2640 1016 2768 ή
1025 2640 1121 2727 γυνή,
1131 2648 1261 2724 παροῦ-

313 2767 356 2813 σα
375 2744 445 2826 ε’ξ’
428 2755 529 2832 αρχῆς
546 2745 648 2812 ἅπασι
665 2746 802 2822 τούτοις.
835 2740 907 2810 ὥστ’
922 2741 1034 2811 ούκέτι
1050 2741 1262 2818 Πολύευκτος

314 2843 398 2913 αύτα
386 2843 557 2921 πεισθεις
568 2846 638 2928 ἐμοὶ
651 2839 927 2927 κατεχαρίζετο,’
904 2867 948 2919 ως
958 2846 1075 2925 ἔοικεν,
1087 2835 1188 2907 ἀλλ”
1169 2853 1262 2962 υμείς

314 2943 417 3012 αύτοί.
448 2951 551 3011 ταῦτα
562 2950 687 3028 τοίνυν,
701 2970 726 3009 ω
716 2936 859 3027 ’ἀνδρες
875 2942 1041 3023 δικασταί,
1060 2941 1261 3023 μεμνημένοι

314 3050 439 3128 σαφοις,
448 3040 537 3108 έαν
516 3067 580 3124 αρα
591 3043 702 3126 τιπερι
713 3068 826 3108 αυτων
836 3044 962 3126 ἐγχειρη
972 3064 1049 3106 νυνι
1038 3037 1260 3122 διαβαλλειν,

314 3139 474 3209 ἀντίθετε.
496 3148 628 3224 πρῶτον
641 3140 672 3206 δ’
684 3139 724 3207 ἵν’
738 3138 833 3226 εἰδῆτ’
848 3139 992 3226 ἀκριβῶς
1009 3134 1059 3205 ὅτι
1070 3143 1191 3202 τοῦτον
1201 3133 1261 3201 τὸν

313 3240 440 3323 τρόπον
455 3244 528 3325 ἔχει,
540 3245 609 3306 τῶν
619 3241 799 3325 μαρτύρων
810 3238 982 3306 ἀκούσατε.
1002 3239 1084 3320 λέγε.

597 3442 598 3447 1
665 3399 915 3460 ΜΑΡΤΤΡΕΣ.

272 3544 304 3598 19
398 3528 546 3617 Ούκούν,
558 3557 584 3597 ω
573 3523 717 3614 ἀνδρες
729 3530 887 3611 δικασταὶ,
907 3553 974 3594 των
985 3526 1045 3612 μεν
1056 3532 1168 3612 χιλίων
1181 3529 1264 3608 δρα-

311 3659 403 3750 χμοιν
414 3627 458 3709 ὡς
471 3636 602 3708 δικαίως
620 3631 674 3696 καλ
690 3627 1003 3747 προσοφειλομένων
1021 3623 1198 3710 ἀπετίμησέ
1206 3648 1263 3708 μοι

311 3728 373 3814 τήν
388 3728 529 3799 οἰκίαν
512 3757 530 3799 ο
551 3729 780 3818 Πολύευκτος,
802 3721 903 3803 αύτδς
918 3716 1016 3803 ούτύς
1030 3750 1086 3830 μοι
1101 3735 1265 3808 μαρτυρεῖ
1272 3742 1339 3798 1034
