3159 4409
320 493 364 558 44
527 499 617 556 XLIII.
640 494 1059 556 ΔΗΜΟΣΘΕΝΟΤΣ

266 680 269 684 ’
320 656 453 741 τοῦμὲν
464 662 652 741 εἰσαγαγεῖν
670 661 716 733 είς
732 653 794 722 τὸυ
813 654 907 722 οἷκον
923 652 983 722 τὸν
994 649 1130 740 Ἁγνίου,
1139 654 1216 724 υλὸν
1225 663 1272 747 τῷ

317 753 430 843 Ἁγνίρι
450 754 649 837 ἐπελάθετο,
678 755 732 821 καὶ
760 752 848 820 ταῦτ’
873 759 957 838 ἔχων
983 751 1044 821 τὸν
1064 762 1190 840 κλήρου
1211 757 1272 824 τὸν

314 850 448 937 Ἁγνίου
466 856 520 921 καὶ
543 852 685 938 φάσκων
708 850 790 937 πρὸς
806 849 941 938 ἀνδροῖν
962 850 1054 937 αὐτῷ
1074 853 1270 941 προσήκειν·

242 1023 252 1031 ,
278 957 439 1036 γρτοῦτον
451 949 486 1017 δέ
497 948 556 1019 τὸν
566 948 645 1018 υίδν
654 949 714 1018 τόν
724 951 910 1036 γευόμενον
920 961 966 1040 τῷ
977 953 1190 1043 Μακαρτάτῳ
1203 961 1273 1023 είσ-
1289 1023 1291 1028 ,

320 1058 476 1136 πεποίηκε
486 1058 533 1140 τῷ
547 1047 632 1135 πρὸς
641 1049 768 1136 μητρὸς
779 1056 824 1128 είς
836 1049 916 1130 τοὺς
929 1059 1197 1138 Προσπαλτίους,
1211 1049 1272 1121 τόν

320 1146 369 1216 δέ’
366 1147 539 1267 Αγνίοη
506 1174 598 1216 οικου
611 1158 723 1216 είακεν
737 1147 904 1270 ἔρημον
874 1175 957 1216 ειναι
969 1147 1006 1216 τὸ
1022 1150 1146 1217 τούτου
1156 1152 1269 1235 μέρος·

320 1248 400 1334 φησὶ
412 1247 491 1316 δὲ
457 1275 517 1315 του
528 1249 652 1335 πατέρα
664 1245 725 1315 τὸν
744 1248 864 1315 ἑαυτου
853 1247 1080 1332 Θεόπομπον
1091 1248 1273 1334 προσήκειν

313 1345 437 1435 Ἁγυία
461 1373 478 1414 ο
466 1342 635 1466 ’δευόμρς
646 1345 804 1414 κελεύετ’
787 1374 805 1414 ο
817 1372 878 1413 του
866 1346 1042 1423 Σολωνος
1050 1361 1183 1429 κρατεῖν
1193 1345 1273 1427 τούς

320 1443 462 1530 ἄρρενας
481 1449 536 1512 καί
552 1471 631 1525 τους
648 1448 686 1515 ἐκ
706 1472 774 1513 των
789 1443 955 1531 άρρέυωυ
985 1437 1082 1523 οὗτος
1103 1442 1134 1511 δ’
1148 1443 1272 1513 οὑτωσὶ

314 1547 440 1633 ῥηιδίως
457 1545 686 1632 κατεφρόνησε
703 1546 757 1611 καὶ
776 1552 844 1611 τῶν
855 1544 968 1629 νόμων
987 1545 1042 1610 καὶ
1054 1551 1116 1610 τοῦ
1126 1541 1270 1630 Ἁγνίου,

319 1645 373 1710 καλ
385 1650 567 1729 εἰσεποίησε
579 1642 639 1711 τὸν
652 1642 729 1711 υίὸυ
742 1649 788 1720 είς
798 1642 859 1710 τὸν
870 1641 963 1710 οἴκου
973 1641 1033 1709 τόν
1044 1639 1126 1729 πρδς
1137 1642 1268 1728 μητρός.

320 1747 389 1819 πῶς
400 1740 443 1809 άν
461 1748 609 1825 γένοιντο
626 1742 755 1810 τούτων
772 1739 948 1828 ἅνθρωποι
965 1735 1270 1826 παρανομωτεροιή

319 1838 515 1924 βιαιότεροι;

277 1965 310 2020 79
404 1937 456 2006 Οὐ
466 1945 583 2006 τοίνυν
593 1946 697 2005 ταῦτα
709 1938 826 2022 μόνον,
839 1929 866 2002 ὦ
877 1936 996 2022 ἄνδρες
1007 1939 1173 2023 δικασταὶ,
1185 1934 1269 2006 άλλά

318 2038 371 2104 καὶ
383 2036 551 2123 μνήματος
563 2036 659 2116 ὄντος
669 2043 788 2103 κοινοῦ
801 2034 904 2102 άπασι
914 2049 981 2113 τοῖς
992 2032 1056 2102 άπὸ
1073 2043 1135 2102 τοῦ
1142 2037 1270 2103 Βουσέ-

318 2142 379 2201 λου
395 2139 586 2221 γενομέυοις
604 2137 679 2215 (καὶ
703 2143 847 2202 καλεῖται
865 2131 901 2201 τὸ
920 2140 1032 2220 μνήμα
1049 2139 1269 2228 Βουσελιδῶν,

317 2229 422 2311 πολδς
435 2234 536 2312 τόπος
547 2236 836 2321 περιβεβλημένος,
849 2232 959 2318 ὥσπερ
971 2238 1005 2300 oc
1016 2231 1143 2318 άρχαῐοι
1157 2235 1270 2321 ἐνόμι-

318 2337 387 2414 ζον)
399 2335 437 2400 ἐν
453 2333 560 2422 τούτῳ
577 2341 626 2423 τῷ
643 2334 789 2420 μνήματι
802 2337 836 2400 οί
850 2332 912 2418 μὲν
923 2330 1018 2398 άλλοι
1029 2333 1148 2410 πάντες
1160 2337 1194 2400 οἱ
1203 2330 1267 2401 άπδ

317 2442 379 2501 τοῦ
388 2435 559 2502 Βουσέλου
572 2441 714 2516 κεῖνται,
727 2435 783 2500 καὶ
795 2429 952 2516 ὁἈγνίας
964 2435 1019 2498 καί
1032 2429 1048 2496 ὁ
1061 2430 1271 2518 Εὐβουλίδης

317 2528 398 2599 καὶὸ
410 2534 571 2618 Πολέμων
580 2537 634 2599 καί
643 2537 677 2600 oc
684 2530 778 2599 άλλοι
789 2532 909 2608 πάντες
918 2537 1070 2597 τοσοῦτοι
1084 2526 1177 2608 ὄντες
1186 2552 1271 2616 συγ-

317 2645 431 2717 γενεῖς,
441 2636 475 2698 οί
481 2628 544 2696 άπδ
557 2639 616 2698 τοῦ
626 2636 806 2715 Βουσέλου,
813 2629 955 2708 ἅπαντας
964 2622 1057 2697 οὗτοι
1068 2638 1270 2698 κοινωνοῦσι

271 2739 307 2792 80
316 2736 378 2801 τοῦ
388 2727 557 2814 μνήματος
567 2727 707 2795 τούτου·
730 2727 747 2796 ὁ
767 2728 802 2795 δὲ
819 2731 952 2795 τουτουί
963 2727 1071 2815 πατήρ
1083 2729 1270 2815 Μακαρτά-
1278 2743 1325 2798 1οί

315 2853 372 2895 του
387 2823 470 2893 καὶὸ
484 2824 619 2904 πάππος
631 2825 672 2893 οὐ
689 2827 952 2913 κεκοινωνήκασι
968 2830 1106 2913 τούτου,
1124 2827 1191 2897 ἀλλ’
1206 2825 1271 2896 αὑ-

314 2938 383 3003 τοίς
400 2929 468 3011 ίδίρι
485 2923 681 3009 ἐποιήσαντο
699 2932 814 3011 μνῆμα
831 2923 971 2993 άπωθευ
986 2933 1048 2993 τοῦ
1057 2931 1270 2994 Βουσελιδῶν

315 3021 490 3109 μνήματος.
524 3026 683 3091 δοκοῦσιν
696 3021 794 3110 ὑμίν,
814 3016 974 3114 άάνδρες
985 3026 1149 3110 δικασταὶ,
1162 3044 1270 3109 προσ-

314 3119 409 3206 ήκειν
419 3148 450 3189 τι
462 3130 509 3211 τῷ
520 3131 601 3210 οίκω
612 3129 660 3212 τῷ
668 3121 813 3208 Ἁγνίου,
826 3121 915 3209 πλήν
925 3130 986 3190 τοῦ
997 3129 1081 3208 ἔχειν
1093 3122 1270 3207 ἁρπάσαν-

313 3245 367 3297 τες
383 3217 423 3286 τά
442 3220 486 3308 μή
504 3221 734 3308 προσήκοντα;
756 3228 786 3290 εί
801 3221 834 3289 δ’
847 3219 1165 3310 ἐξερημωθήσεταιή
1176 3221 1268 3291 ἀνά-

313 3343 417 3404 νυμος
434 3325 523 3388 ἔσται
540 3320 558 3389 ὁ
576 3321 666 3400 οἶκος
684 3319 702 3388 ὁ
719 3319 854 3406 Ἁγνίου
868 3325 923 3390 καὶ
940 3320 957 3389 ὁ
974 3321 1188 3409 Εὐβουλίδου
1204 3327 1268 3388 τοῦ

313 3414 454 3497 άνεψιοῦ
470 3428 530 3487 τοῦ
543 3419 694 3507 Ἁγνίου,
712 3418 793 3487 οὐδὲ
810 3419 894 3487 κατὰ·
911 3419 1128 3507 τούλάχιστον
1140 3417 1266 3488 πώποτ’

313 3513 600 3602 αάιοῐςέμέλησεν.

267 3637 301 3692 ει
393 3614 472 3702 Ίδγω
486 3614 528 3700 δ’,
542 3610 698 3705 άάνδρες
710 3620 876 3700 δικασταί,
893 3625 1012 3704 βοηθῶ
1021 3617 1083 3703 μὲν
1094 3613 1138 3696 ὡς
1148 3613 1219 3695 οἷός
1229 3613 1265 3684 τ’

310 3717 372 3798 είμὶ
384 3712 524 3800 μάλιστα
535 3714 595 3800 μὲν
606 3730 672 3796 τοῖς
682 3716 949 3802 τετελευτηκόσιν
966 3720 1117 3794 ἐκείνοις·
1140 3712 1182 3783 οά
1194 3715 1262 3782 πά·
1314 3778 1317 3783 ,
