3159 4409
509 471 1187 824 λίκνον

714 1053 780 1112 xm.
884 1036 887 1042 ’

337 1206 475 1277 ΠΡΟΣ
497 1207 755 1275 ΣΠΟΥΛΙΑΝ
774 1208 909 1276 ΥΠΕΡ
932 1207 1155 1277 ΠΡΟΙΚΟΣ.

594 1379 664 1435 ΥΠ
674 1378 699 1436 O
715 1377 740 1435 Θ
753 1378 782 1434 E
791 1377 822 1433 Σ
830 1377 850 1433 I
858 1378 899 1432 Σ.

267 1509 560 1642 Πολύευκτος,’
507 1557 583 1614 ανηρ
593 1527 766 1612 Ἀθηναῖος,
785 1527 840 1593 δύο
855 1526 1219 1637 θνγατέρωνττατὴργίνε-
1229 1547 1297 1601 1027

268 1650 328 1703 ται,
341 1611 382 1685 ὧν
391 1617 457 1725 τὴν
458 1622 511 1702 μέν
523 1623 667 1703 νεωτέραν
678 1616 850 1727 Λεωκράτει
857 1617 999 1722 πρότερον
1010 1623 1131 1682 δίδωσιν
1136 1645 1172 1701 ,
1159 1617 1220 1683 εἶτα

270 1701 457 1790 Σπουδία,
426 1731 482 1784 την
492 1706 691 1807 πρεσβυτέραν
702 1704 786 1789 δέτρι
797 1697 870 1784 πρὸς
880 1698 1091 1766 τδνΣιιουδίαν
1102 1707 1218 1780 δικαζο-

266 1792 357 1876 μένρι.
380 1785 396 1852 ὃ
407 1790 462 1889 μὲν
473 1778 528 1852 ούν
538 1784 724 1862 Πολύευκτος
736 1767 899 1890 ἐτελεύτησε
910 1795 973 1861 ταῖς
986 1784 1162 1894 θυγατράσι
1166 1814 1218 1850 κα-

267 1867 399 1937 ταλιττιδν
417 1866 468 1935 τὸν
465 1879 596 1974 κλῆρον
613 1872 675 1947 έξ”
659 1891 740 1974 ισου,
764 1895 779 1933 ο
768 1865 867 1933 δε
835 1897 889 1950 την
904 1872 1103 1972 πρεσβυτέραν
1123 1868 1219 1975 γήμρις

266 1959 342 2062 φησί
352 1952 564 2058 τετταρακοντα
575 1982 651 2057 μνας
661 1949 927 2062 ορολογηθηναι
896 1980 951 2034 την
961 1979 1086 2038 ιιροικα,
1105 1949 1141 2018 ού
1159 1950 1219 2057 μὴν

225 2046 235 2059 “
267 2039 340 2121 ολην
352 2033 446 2114 εύθύς
457 2043 596 2141 δοβῆναι,
617 2034 691 2101 ἄλλα
703 2040 775 2101 δέκα
785 2064 868 2118 μνων
878 2032 1115 2146 ὑπολειφθεισρῖν
1125 2035 1219 2114 ζῶντά

265 2149 297 2188 τε
308 2118 501 2224 ὁμολογεῖν
473 2147 524 2185 τον
535 2119 726 2185 Πολύευκτον
739 2116 868 2224 ὀφείλειν
879 2116 987 2203 αύτδις,
1005 2124 1055 2184 καῖ
1066 2118 1105 2196 ὡς
1121 2124 1219 2203 έμελλε

266 2213 412 2286 τελευτᾶν,
423 2201 478 2287 τὴν
490 2210 633 2270 οἰκίαν
596 2232 648 2287 της
660 2204 748 2286 ι’ίλλης
756 2198 858 2280 ούσίας
870 2207 1003 2308 ἐξελεῖν,
995 2207 1046 2269 καὶ
1057 2202 1166 2286 ταύτην
1178 2209 1218 2282 είς

266 2316 299 2354 το
286 2289 392 2393 χρέος
404 2294 518 2354 δοῦναι.
540 2315 556 2354 ο
543 2286 600 2353 δὲ
609 2287 788 2391 Λεωκράτης
799 2285 881 2366 ἆξιοῖ
887 2291 937 2352 καλ
948 2286 1057 2370 ταύτην
1067 2286 1144 2352 εἶναι
1154 2315 1216 2353 κοι-

268 2370 324 2456 νὴν
335 2394 433 2476 ωσπερ
444 2374 494 2437 καὶ
504 2400 541 2437 τα
530 2369 628 2436 ἄλλα
639 2371 744 2436 πάντα.
775 2377 825 2434 καὶ
837 2398 869 2435 το
858 2367 1071 2455 1’μέγιστον
1031 2399 1090 2435 των
1106 2366 1216 2454 ἆμφισ-

264 2453 513 2540 βητημύτωντιῖν
524 2459 556 2520 έν
566 2464 608 2543 τῷ
626 2454 704 2542 λόγῳ
720 2452 806 2518 τοῦτό
819 2457 885 2516 ε’στι.
919 2462 1114 2537 κροσεγκαλεῖ
1126 2457 1158 2518 δὲ
1174 2463 1217 2542 τῷ

265 2545 404 2628 Σπουδίᾳ
422 2541 508 2603 καλ”
491 2565 638 2622 ετερα·φ
615 2520 740 2644 φησί
705 2565 763 2622 γαρ
781 2529 874 2601 αύτδν
890 2539 939 2600 καί
956 2563 1008 2601 του
995 2520 1216 2602 Πολυεύκτου

265 2627 362 2688 καλ
326 2649 379 2705 της
387 2605 591 2728 πρεσβυτέρας
608 2620 763 2704 ὀφείλοντα
779 2619 913 2730 χρήματα
927 2649 969 2705 μη
957 2617 1156 2728 καταβαλεῖν
1176 2627 1216 2699 εἰς

264 2709 297 2772 τὸ
307 2710 406 2811 μέσον,
420 2709 487 2772 δέον
497 2715 581 2771 τούτο
589 2717 692 2771 ποιεῖν.
712 2730 765 2770 του
752 2708 810 2770 δὲ
819 2709 936 2770 Σπονδί
936 2732 971 2770 ου
984 2703 1104 2771 κύκεῖνο
1115 2708 1214 2790 λέγον-

263 2816 329 2872 τος,
352 2786 490 2866 διςαύτδς
507 2789 664 2875 τριάκοντα
674 2797 749 2874 μνᾶς
765 2799 875 2874 προῖκα
885 2795 999 2872 εἴληφε,
1021 2789 1194 2872 μάλιστα
1162 2817 1215 2872 μεν

263 2877 371 2952 ἐξεῖναι
392 2901 434 2958 τῳ
420 2876 629 2962 Πολυεύκτῳ
653 2875 794 2957 φησλνῖ
767 2899 780 2936 ε
798 2901 861 2984 τγ
835 2876 964 2984 ’ἑτέρα
964 2882 1024 2938 ταῖν
1035 2875 1214 2978 θυγατέρων

261 2957 399 3041 ἐβούλετο
417 2962 484 3021 ιτλεί
483 2985 506 3022 ω
520 2967 646 3063 προῖκα
641 2964 745 3023 δοῦναι
757 2958 808 3021 καί
824 2954 864 3039 μὴ
882 2955 937 3040 τὴν
947 2962 1015 3039 ἴσην
1025 2952 1212 3062 ύγφοτέραις,

263 3045 363 3106 ἔπειτα
375 3043 407 3106 δλ
419 3039 646 3106 έιτιδείκνυσιν’
627 3070 665 3118 ως
677 3043 727 3105 καλ
737 3048 822 3105 τοῦτο
835 3045 983 3117 Σπουδίας
997 3040 1150 3148 «γεύδεται
1161 3037 1213 3144 τρίς

263 3127 317 3206 μέν
327 3120 386 3208 γὰρ
396 3124 555 3209 τριάκοντα
565 3133 641 3236 μνρῖς
658 3119 748 3189 αύτδν
761 3119 822 3189 ἕν’
787 3123 924 3230 αργύρω
939 3146 1012 3205 φησι
1002 3122 1192 3228 λαβεῖν,
1160 3153 1212 3202 τας

265 3210 363 3355 δῖέ
307 3211 422 3273 δέκαὲν
433 3213 556 3289 ἱματίοις
566 3236 615 3273 και
608 3203 803 3295 ὣχρυσίοις,
782 3235 801 3271 α
814 3234 865 3272 και
856 3189 1038 3283 κλείονος“
1018 3236 1038 3290 η
1049 3212 1120 3273 δέκα
1129 3237 1212 3291 μναν

263 3290 427 3370 ενοιιύίξια.

649 3407 800 3420 .--.-...

340 3462 503 3552 Ἀδελφδις
518 3471 649 3554 ἔχομεν,
674 3461 703 3536 οδ
723 3467 843 3552 ἄνδρες
864 3471 1029 3556 δικασταὶ,
1052 3463 1211 3556 γυναῖκας
1220 3484 1289 3538 1ολ8

259 3561 323 3649 έγοδ
345 3567 400 3633 καί
420 3571 593 3648 Σπουδίας
615 3566 746 3654 ούτοσι,
777 3568 991 3637 Πολυεύκτου
1012 3571 1208 3654 θυγατέρας.

258 3659 399 3741 ἄπαιδος
420 3662 454 3730 δ’
476 3667 606 3733 ἐκείνου
626 3667 883 3755 τελευτήσαντος
908 3665 1061 3752 α’ρρένων
1082 3676 1142 3734 καί
1128 3671 1210 3734 ίδαν

300 3754 436 3811 Demosth.
461 3760 520 3815 Vol.
534 3762 583 3813 111.
991 3766 1006 3817 1
1025 3833 1029 3839 .
1172 3789 1174 3793 ·
