3159 4409
559 494 700 587 ιιΑΤΑ
731 494 975 558 ΝΕΑΙΡΑΣ.
1177 498 1241 566 εον

294 657 390 736 ἔθυε,
414 656 469 722 καὶ
483 651 541 732 τάς
558 653 757 739 σεμνοτάτας
767 655 822 722 καί
833 651 997 740 ἀρρήτους
1006 654 1027 742 ή
1037 657 1123 744 γυνή
1135 657 1240 729 αύτοῦ

251 762 284 816 75
294 753 410 836 ἐποίει,
433 751 584 834 εἰκότως,
606 757 779 837 βασίλιννα
797 744 891 819 ούσα.
928 751 1038 839 ἐπειδή
1060 755 1096 824 δὲ
1113 756 1238 840 Θησεύς

294 851 480 938 συνῴκισεν
501 847 623 926 αὐτοῦς
640 850 694 917 καί
705 852 927 935 δημοκρατίαν
938 853 1069 937 ἐποίησε
1080 851 1164 940 καλή
1176 855 1238 922 τιό-

290 957 343 1026 λις
354 947 618 1033 πολυάνθρωπος
629 946 844 1033 ἐγένετο,τὸν
854 947 916 1034 μὲν
924 950 1060 1034 βασιλέα
1070 948 1169 1022 οῦδὲν
1178 944 1239 1038 ήτ-

292 1045 386 1114 τονὸ
408 1051 508 1133 δήμος
523 1043 632 1135 ήρεῖτο
648 1049 683 1115 ἐκ
703 1057 890 1135 προκρίτων
910 1045 984 1115 κατ’
1006 1045 1238 1136 ἀνδραγαθίαν

292 1152 500 1231 χειροτονῶν,
511 1144 573 1232 τήν
585 1146 619 1222 δὲ
629 1161 769 1231 γυναῖκα
779 1143 885 1215 αὐτοῦ
894 1145 999 1232 νόμον
1008 1152 1123 1217 ἔθεντο
1133 1145 1238 1235 ἀστήν

294 1244 375 1311 εἶναι
388 1247 442 1312 καὶ
453 1243 496 1331 μή
508 1247 762 1331 ἐπιμεμιγμένηυ
773 1247 871 1334 ἑτέρῳ
883 1242 995 1332 ἀνδρὶ,
1014 1242 1097 1315 ἀλλά
1107 1251 1237 1332 παρθέ-

293 1369 354 1410 νον
364 1357 491 1428 γαμεῖν,
503 1341 652 1420 ἴνακατά
663 1341 704 1411 τά
715 1343 836 1428 τιάτρια
845 1344 970 1429 θύηται
979 1343 1019 1412 τά
1030 1344 1156 1432 ἀρρητα
1164 1345 1236 1429 ίερά

293 1438 375 1524 ὑπὲρ
386 1449 444 1527 τῆς
453 1441 579 1519 πόλεως
590 1443 644 1508 καὶ
654 1442 902 1528 τάνομιζόμευα
911 1453 1137 1530 γίγνηταιτοῖς
1145 1455 1238 1524 θεοῖς

253 1556 283 1608 76
293 1540 436 1626 εὐσεβῶς
446 1542 500 1607 καὶ
512 1541 616 1625 μηδὲν
624 1540 823 1624 καταλύηται
830 1542 912 1626 μηδὲ
920 1551 1161 1629 καινοτομῆται.
1182 1544 1237 1610 καί

291 1648 412 1706 τοῦτον
427 1636 486 1705 τὸν
502 1639 607 1724 νόμον
619 1636 802 1723 γράψαντες
813 1643 850 1707 ἐν
861 1638 963 1727 στήλη
971 1647 1085 1728 λιθίνη
1097 1646 1236 1728 ἔστησαν

291 1742 328 1804 ἐν
343 1744 391 1822 τῶ
407 1739 487 1825 ίερῷ
502 1744 564 1804 τοῦ
572 1735 745 1804 Διονύσου
755 1735 844 1820 παρὰ
854 1738 915 1805 τὸν
925 1737 1040 1825 βαμόν
1051 1742 1088 1809 ἐν
1097 1747 1236 1826 Λίμναις

287 1836 360 1921 (καὶ
371 1832 485 1921 αύτηή
498 1835 599 1922 στήλη
610 1841 657 1902 ἔτι
667 1839 722 1904 καί
732 1844 798 1905 νῦν
805 1838 951 1923 ἕστηκεν,
962 1835 1121 1924 ἀμυδροῖς
1128 1838 1235 1925 γράμε

290 1953 391 2019 μασιν
406 1930 558 2014 Ἀττικοῖς
575 1941 722 2021 δηλοῦσα
737 1933 777 2002 τά
788 1939 1030 2022 γεγραμμένα),
1051 1943 1234 2025 μαρτυρίαν

290 2029 627 2120 ποιούμενοςὸδήμος
638 2030 721 2116 ὑπὲρ
731 2040 789 2120 τής
798 2030 903 2101 αὑτοῦ
912 2030 1236 2120 εῦσεβείαςτιρόςτόν
1244 2041 1321 2108 1371,

290 2129 375 2198 θεὸν
390 2134 444 2198 καὶ
461 2131 744 2218 παρακαταθήκην
760 2139 967 2200 καταλείπων
981 2145 1049 2210 τοῖς
1069 2133 1236 2216 ίπιγιγνο·

290 2233 416 2314 μεύοις,
435 2228 487 2297 ὅτι
497 2232 558 2316 τήν
569 2257 607 2314 γε
617 2237 689 2318 θεῷ
699 2244 841 2320 γυναῖκα
852 2231 1084 2315 δοθησομένην
1096 2230 1150 2295 καί
1161 2253 1235 2296 ποι-

289 2329 439 2413 ήσουσαν
458 2327 504 2395 τά
521 2327 591 2410 ίερά
613 2329 770 2413 τοιαύτην
790 2328 947 2412 ἀξιοῦμεν
968 2323 1062 2391 εἶναι.
1104 2328 1159 2391 καὶ
1181 2324 1234 2393 διά

288 2435 391 2493 ταῦτα
409 2429 446 2493 ἐν
456 2435 502 2512 τῶ
513 2426 713 2516 ἀρχαιοτάτῳ
726 2430 805 2513 ίερῶ
814 2431 876 2492 τοῦ
885 2422 1058 2491 Διονύσου
1070 2424 1124 2490 καὶ
1135 2420 1235 2506 ἁγιω-

288 2525 374 2614 τάτηι
385 2528 423 2591 ἐν
433 2531 572 2610 Λίμναις
581 2530 737 2609 ἔστησαν,
757 2521 868 2610 ἵναμή
880 2522 995 2590 πολλοὶ
1006 2525 1116 2588 εἰδῶσι
1127 2521 1167 2588 τὰ
1178 2545 1236 2605 γε·

288 2626 474 2708 γραμμένα·
496 2622 581 2702 ἀτταξ
596 2621 659 2708 γάρ
670 2629 730 2691 τοῦ
741 2625 897 2690 ἐνιαυτοῦ
907 2619 1048 2689 ἕκάστου
1059 2615 1234 2704 ἀνοίγεται,

287 2727 330 2807 τῇ
346 2721 514 2808 δωδεκάτη
529 2729 592 2788 τοῦ
601 2718 869 2808 ἀνθεστηριῶνος
878 2720 991 2807 μηνός.
1023 2715 1106 2803 ὑπὲρ
1116 2723 1233 2785 τοίνυν

246 2827 279 2883 77
288 2816 393 2902 ἁγίων
410 2822 465 2887 καὶ
480 2828 612 2906 σεμνῶν
627 2825 743 2908 ίερῶν,
767 2812 816 2887 ῶν
827 2823 861 2887 οί
868 2819 1029 2906 πρόγονοι
1038 2814 1132 2902 ὑμῶν
1143 2813 1231 2884 οῦτοι

288 2923 399 2994 καλῶς
418 2921 472 2986 καὶ
493 2927 748 3004 μεγαλοπρεπιις
768 2917 1035 3004 ἐπεμελήθησαν,
1062 2913 1156 2994 ἀξιον
1176 2915 1231 2981 καλ
1328 2945 1330 2956 ·

288 3012 375 3101 ὑμᾶς
386 3018 587 3102 σπουδάσαι,
611 3010 958 3103 ῶάνδρεςἉθηυαῖοι,
979 3011 1232 3092 καὶτοῦςάσελ-

288 3118 355 3198 γῶς
371 3113 432 3197 μὲν
448 3120 740 3199 καταφρονοῦντας
757 3122 826 3182 τῶν
840 3113 954 3199 νόμον
970 3121 1037 3181 τῶν
1052 3109 1231 3198 ὑμετέρων,

289 3208 432 3288 ἀναιδῶς
442 3207 469 3276 δ’.
481 3207 680 3297 ἠσεβηκότας
690 3217 736 3290 εἰς
746 3209 825 3291 τοῦς
834 3210 936 3290 θεούς
944 3210 1037 3290 ἀξιον
1044 3209 1231 3297 τιμωρήσα-

289 3319 385 3394 σθαι,
402 3314 498 3378 δυοῖν
507 3313 619 3396 ἕνεκα,
629 3315 683 3378 ἵνα
694 3303 791 3379 οῦτοί
798 3337 833 3378 τε
842 3319 910 3387 τῶν
919 3307 1125 3396 ήδικημένωυ
1136 3314 1232 3396 δίκην

289 3411 393 3475 δῶσιν
402 3411 435 3476 οἵ
444 3405 469 3476 τ’
479 3405 572 3475 ἄλλοι
583 3408 744 3494 πρόνοιαν
754 3415 912 3478 ποιῶνται
921 3409 977 3474 καὶ
987 3413 1156 3493 φοβῶνται
1166 3435 1231 3494 μη-

290 3504 346 3572 δὲν
356 3511 401 3584 είς
411 3504 490 3585 τοῦς
500 3504 602 3585 θεούς
612 3510 666 3576 καὶ
676 3507 738 3595 τήν
750 3508 849 3575 πόλιν
857 3502 1067 3591 ἀμαρτάνειυ.

242 3616 278 3672 78
360 3605 537 3690 Βούλομαι
549 3603 580 3670 δ’
593 3602 672 3691 ὑμῖν
682 3608 736 3672 καί
746 3602 806 3671 τὸν
817 3602 1016 3691 ἱεροκήρυκα
1026 3607 1176 3688 καλέσαι,
1193 3601 1231 3683 ὃς

287 3697 445 3786 ὑπηρετεῖ
456 3711 496 3790 τή
513 3711 574 3770 τοῦ
590 3707 748 3788 βασιλέως
764 3704 914 3788 γυναικὶ,
933 3699 1015 3770 ὅταν
1032 3705 1165 3784 ἐξορκοῖ
1176 3698 1244 3772 τὰς
