3159 4409
382 536 491 596 ΠΕΡΙ
506 535 593 630 TQY
603 534 734 596 ΣΤΕΦ.
750 534 847 596 ΤΗΣ
860 534 1167 598 ΤΡΙΗΡΑΡΧΙΛΣ.
1190 535 1252 601 179

304 693 381 763 ἀλλ’
401 694 443 763 οά
457 693 510 761 ῦιά
521 702 589 761 τόν
599 696 777 779 βελτιόνων
788 704 857 771 τοῖς
867 691 1089 778 ὑπηρετοῦσιν
1100 693 1122 762 ἀ
1134 701 1251 784 όελχα-

305 800 453 879 ρίζεσθαι
465 801 642 879 προσῆκον.
673 788 782 865 ἔπειθ’
795 788 901 868 οὕτως
911 788 1109 878 ὀλιγωροῦσι
1121 802 1183 861 τοῦ
1193 799 1251 863 δο-

302 907 375 961 κεῖν
393 896 542 970 ἐπιεικεῖς
553 889 637 958 εἶναι
650 893 704 958 καί
718 896 887 968 παντελῶς
896 888 1000 957 τάλλα
1010 890 1159 976 πάρεργα
1169 890 1251 978 πρός

301 988 338 1060 τό
351 998 464 1078 λαβεῖν
475 993 674 1075 νομίζουσιν,
683 983 757 1054 ὥστ’
771 983 812 1052 οά
824 988 931 1072 μόνον
939 1000 1008 1065 τοῖς
1018 987 1182 1073 πρότερον
1191 993 1252 1076 ρη-

300 1099 410 1157 θεῖσιν
419 1086 474 1174 ὑφ’
483 1083 594 1155 αὑτόν
602 1089 734 1153 ἐναντία
742 1089 1100 1171 τολμῶσιόημηγορελν,
1108 1084 1251 1155 ἀλλάκαλ

300 1193 366 1253 νῦν
375 1184 415 1254 οῦ
425 1181 527 1252 ταότά
537 1184 838 1267 λέγουσινέαντολς,
847 1185 964 1261 οἵτινες
973 1180 1052 1261 τοῦς
1060 1186 1120 1269 μὲν
1128 1183 1252 1262 ναότας

301 1286 382 1370 φασί
390 1288 459 1350 δεῖν
468 1287 610 1359 οἰκείους
619 1277 1252 1367 εἶναιτηςτριήρονςτῆςληψομένηςτόν

300 1385 476 1466 στέφανον,
488 1387 556 1447 νῦν
567 1377 602 1446 δὲ
613 1378 821 1465 τριηράρχων
830 1376 909 1457 τούς
919 1379 1178 1465 ἠλλοτριωκότας
1189 1376 1252 1448 αὑ-

299 1479 378 1558 τοῦς
389 1476 452 1545 ἀπό
465 1486 522 1562 τῆς
532 1482 752 1563 λειτουργίας,
762 1477 904 1555 τούτους
914 1486 1124 1563 στεφανῶσαι
1134 1477 1251 1549 κελεύ-

256 1595 384 1648 18ουσι.
418 1579 472 1644 καὶ
491 1579 573 1661 φασί
589 1575 650 1661 μὲν
669 1573 791 1640 οάόένα
808 1572 938 1641 τούτων
959 1576 1122 1662 πρότερον
1143 1602 1251 1661 παρα-

299 1670 766 1755 σκενάσασθαακελεόουσιόὲ
779 1679 875 1758 κοινῇ
887 1680 1076 1758 στεφανοῦν
1084 1672 1179 1761 ἡμᾶς,
1190 1683 1251 1742 τοῦ

298 1778 509 1857 ψηφίσματος
527 1767 568 1838 οά
585 1777 688 1837 ταῦτα
699 1773 860 1854 λέγοντος.
893 1769 956 1856 έγω
969 1772 1175 1840 όλτοσούτου
1186 1773 1250 1840 ἀίω

297 1877 398 1938 τοῦτο
410 1882 591 1955 συγχωρείν
614 1867 758 1952 ὅσονπερ
766 1871 823 1936 καλ
832 1873 1078 1955 μεμισθωκέναι
1086 1867 1148 1957 την
1156 1895 1250 1956 τριη-

298 1973 453 2053 ραρχίαν·
476 1966 553 2034 οότε
573 1963 637 2051 γάρ
652 1964 749 2034 τοῦθ’
768 1965 979 2054 ὑπομείναιμ’
997 1964 1041 2035 ἀν
1057 1965 1129 2035 οὔτ’
1146 1964 1245 2036 ἐκεῖν’

298 2068 444 2150 ἐποίησα.
478 2070 736 2149 προσποιοῦνται
753 2065 815 2151 μὲν
825 2073 942 2134 τοίνυν
951 2061 1034 2150 ὑπὲρ
1046 2072 1106 2133 τοῦ
1118 2069 1248 2134 όικαίον
1311 2141 1314 2156 ¹

299 2175 516 2249 συνηγορεῖν,
535 2161 758 2242 σπουδάζουσι
773 2167 951 2249 δὲμᾶλλον
967 2160 990 2250 ἦ
1007 2160 1120 2247 προῖκ’
1140 2162 1184 2232 ἀν
1199 2189 1248 2241 τις
1321 2209 1323 2213 .

244 2263 249 2270 ’
298 2258 394 2348 ῦμιόυ
405 2259 568 2347 πράττων,
581 2259 691 2344 ὥσπερ
703 2258 776 2338 ἀξια
787 2269 849 2327 τοῦ
862 2268 989 2346 μισθοῦ
999 2269 1133 2345 ποιῆσαι
1143 2282 1249 2346 προσ-

254 2377 290 2432 19
298 2367 383 2446 ῆκον
403 2361 547 2443 ἑαυτοῖς,
575 2355 647 2425 ἀλλ’
670 2356 712 2424 οὐ
731 2358 868 2443 γνοίμην
889 2357 1137 2443 ἀποφήνασθαι.
1181 2355 1248 2426 εἶθ’

300 2458 410 2541 ὥσπερ
430 2455 504 2542 οάχλ
518 2461 680 2532 πολιτείας
690 2463 803 2540 κοινῆς
814 2461 1003 2540 μετέχοντες
1012 2458 1067 2523 καὶ
1079 2455 1133 2523 διὰ
1145 2464 1248 2522 ταῦτα

297 2563 347 2644 τοῦ
361 2559 554 2644 βουλομένῳ
573 2555 682 2639 λέγειν
693 2551 781 2638 ἐξόν,
803 2550 875 2635 ἀλλ’
890 2553 1077 2638 ἱερωσύνην
1087 2555 1175 2620 ι’όίαν
1186 2550 1248 2619 αό-

299 2659 351 2722 τοί
358 2679 430 2722 τινα
442 2652 568 2739 ταύτην
579 2657 720 2737 ἔχοντες,
732 2649 791 2718 ίάν
802 2648 885 2736 ὑπὲρ
897 2659 964 2719 τεόν
975 2657 1111 2720 όικαίων
1121 2655 1158 2719 ἐν
1168 2648 1248 2738 ὑμῖν

297 2778 346 2830 τις
357 2762 447 2840 είπη,
469 2749 561 2819 όεινά
571 2751 734 2836 πάσχουσι
745 2752 799 2817 καὶ
810 2750 945 2836 θρασὺν
956 2749 1044 2821 εἶναί
1050 2772 1161 2838 φασιν.
1193 2751 1249 2818 καί

297 2856 343 2929 είς
365 2860 526 2918 τοσοῦτον
549 2849 768 2937 ἀναισθησίας
791 2849 998 2936 προήκουσιν
1020 2848 1099 2919 ὥστ’
1123 2860 1248 2918 οἴονται

296 2947 359 3017 τόν
368 2947 454 3028 ἅπαξ
466 2948 617 3034 εἰρηκότα
629 2943 673 3016 ἀν
683 2952 868 3015 καλέσωσιν
879 2946 999 3036 ἀναιδῆ
1005 3000 1014 3034 ,
1027 2957 1114 3035 σφάς
1128 2945 1249 3024 αὐτοὺς

252 3047 406 3116 κοπάντα
421 3047 481 3113 τὸν
498 3053 573 3133 βίον
588 3047 712 3124 καλοὺς
727 3044 902 3132 κάγαθοὺς
914 3053 1113 3133 νομίζεσθαι
1144 3051 1249 3113 καίτοι

297 3142 352 3214 όιά
364 3142 472 3229 μὲν
435 3169 494 3222 τας
504 3144 632 3212 τούτων
644 3148 843 3231 δημηγορίας
856 3144 962 3215 πολλά
972 3159 1084 3230 χειρον
1095 3149 1175 3228 ἔχει,
1193 3139 1245 3210 όιά
1258 3161 1325 3217 1234

298 3245 334 3312 δὲ
351 3241 442 3320 τοῦς
447 3244 619 3327 οἰομένους
636 3247 688 3311 δελ
675 3257 707 3311 λυ
723 3241 762 3312 τὰ
780 3248 891 3312 δίκαια
902 3242 1085 3327 ἀντιλέγειν
1095 3238 1137 3308 οῦ
1147 3227 1247 3309 πάντ’

297 3341 478 3409 ἀπόλωλεν.
505 3366 678 3422 τοιοντους
688 3349 803 3411 τοίνυν
814 3369 894 3422 τους
905 3346 1172 3426 σννηγορονντας
1184 3365 1248 3407 αυ-

296 3454 364 3520 τολς
375 3442 687 3527 παρεσκευασμένοι,
699 3443 754 3509 καί
764 3441 931 3526 τοσαύτην
940 3441 1190 3525 βλασφημίανεί
1176 3437 1248 3506 ίόό-

295 3532 463 3618 τεςοάσαν
472 3537 572 3608 καθΗ
556 3565 684 3608 εαντων
690 3553 757 3617 τοις
764 3540 978 3625 βουλομενοις
984 3561 1015 3603 τι
1023 3538 1130 3622 λέγειν
1138 3543 1248 3620 φιαυ

298 3663 376 3726 ρον,
398 3637 487 3726 ὅμως
503 3644 549 3719 είς
565 3640 667 3723 λόγον
681 3635 735 3724 ηξί
734 3653 826 3704 ωσαν
845 3638 1119 3784 καταστῆναῖἳκαλ
1139 3655 1300 3708 κακως
