3159 4409
484 519 626 580 ΠΡΟΣ
650 517 1009 581 EYBOYAIAHN.
1163 516 1225 583 285
1275 534 1278 541 '

706 771 784 827 Lvn.
871 792 876 801 ⁸

394 915 581 986 ΕΦΕΣΙΣ
612 915 747 984 ΠΡΟΣ
772 914 1101 987 ΕΤΒΟΥΛΙΔΗΝ.

528 1123 531 1127 ,
599 1076 898 1136 mom-⁷12.

268 1203 349 1285 Γ
312 1241 436 1305 ραφεται
452 1211 540 1298 νόμος
559 1209 632 1300 παρ’
654 1211 824 1299 Ἀθηναίοις
844 1215 986 1300 γενέσθαι
1007 1209 1126 1296 ζήτησιν
1145 1215 1222 1281 πόν-

268 1326 327 1366 των
337 1308 396 1365 τῶν
404 1301 651 1384 ἐγγεγραμμένων
661 1310 723 1376 τοῖς
733 1307 931 1408 ληξιαρχικοζς
942 1302 1199 1406 γραμματείοις,”
1168 1326 1223 1366 ειτε

239 1419 241 1426 v
267 1386 398 1494 γνησιοι
401 1389 518 1448 πολῖταί
532 1387 651 1448 είσιν”
621 1407 676 1448 ειτε
685 1382 740 1466 μὴ,
753 1380 821 1460 τοὺς
832 1377 913 1448 δὲ
874 1411 918 1466 μη
928 1379 1082 1464 γεγονότας
1093 1380 1152 1458 ίξ’
1133 1393 1223 1449 αστοῦ

266 1493 318 1531 και
309 1463 398 1546 ἕξ’
379 1475 467 1570 αστης
483 1470 699 1548 ἐξαλείφεσθαι,
725 1472 961 1574 διαψηφίζεσθαι
979 1468 1011 1529 δὲ
1025 1466 1146 1548 περί’
1102 1489 1223 1533 παντων

265 1547 334 1628 τοδς
346 1549 486 1654 δημότας,
505 1553 555 1614 καί
565 1550 632 1626 τοδς
649 1553 703 1631 μὲν
720 1546 990 1632 ἆποψηφισθὲντας
1007 1551 1057 1613 καί
1068 1550 1151 1631 ἕμμεί
1150 1579 1220 1616 ναν-

264 1661 317 1710 τας
334 1642 371 1721 τῇ
388 1633 485 1742 ψήφῳ
500 1642 559 1698 τῶν
581 1640 715 1715 δημοτῶν
736 1636 935 1717 ἐξαληλίφθαι
956 1636 1006 1696 καὶ
1026 1632 1105 1698 εἶναι
1125 1640 1219 1740 μετοί-

265 1744 356 1822 κους,
365 1727 425 1793 τοῖς
435 1719 467 1781 δὲ
477 1721 604 1820 βονλομέ
603 1743 665 1793 νοις
675 1721 776 1798 ἔφεσιν
787 1721 827 1794 είς
839 1713 980 1794 δικαστὰς
991 1718 1147 1796 δεδόσθαι,
1160 1716 1219 1784 κᾶν

263 1804 319 1907 μὲν
340 1797 431 1866 ἇλοίσι
453 1802 503 1864 καὶ
522 1797 603 1885 παρὰ
626 1809 668 1884 τῷ
688 1806 881 1906 δικαστηρίω,
902 1807 1091 1907 πεπρᾶσθαι,
1113 1766 1166 1868 ἒδν
1186 1806 1219 1869 δὲ

258 1882 511 1994 ἆποφόγωσιν,ε
498 1882 575 1950 εἶναι
593 1866 720 1961 πολίτας.
757 1881 832 1950 κατδ
855 1894 960 1951 τοῦτον
979 1881 1031 1950 τδν
1051 1886 1145 1993 νόμον
1165 1896 1218 1952 τοῦ

258 1968 454 2050 Ἁλιμουσίων
472 1967 567 2051 δήμον
579 1966 863 2076 διαψηφιζομένον’
844 1988 974 2053 αποψηφ
975 1975 1063 2048 ίζεται
1072 1969 1218 2049 Εὐξίθεος

263 2081 322 2135 τις,
341 2051 466 2134 φάσκων
478 2055 510 2116 δὲ
527 2048 656 2118 ἕαντδν
641 2077 700 2153 ηπο
688 2049 848 2160 Εθβηνλί
846 2060 900 2120 δον
912 2053 1051 2139 ἐχθροῦ”
1034 2081 1117 2130 οντος
1128 2082 1217 2120 κατε-

263 2135 440 2202 στασιόσθαι
457 2139 565 2218 ἐφηκεν
578 2132 655 2212 είς
627 2162 660 2201 το
671 2137 796 2202 δικαστ’
774 2164 877 2223 ηριον,
900 2165 952 2203 και
942 2137 1216 2204 ἐπιδεικνύειὲαν-

263 2217 316 2286 τόν
326 2217 383 2299 ἒξ’
366 2241 455 2284 αστον
442 2223 517 2283 καί
528 2216 587 2297 ίξ’
570 2228 671 2325 αστης.
690 2225 717 2284 εί
728 2224 760 2286 δὲ
771 2168 965 2286 ἕτίτθενσεν’
949 2249 1073 2326 ημητηρ
1084 2248 1157 2305 μου,
1173 2218 1215 2288 δι’

263 2299 390 2388 νἰπορίαν
401 2311 485 2367 τοῦτο
497 2299 671 2384 ἐποίησεν.ε
659 2330 675 2368 ο
687 2305 719 2367 δὲ
728 2328 825 2388 πατηρ
837 2307 940 2382 ἐξένιζε
943 2330 983 2409 τη
969 2308 1101 2408 γλωττη
1110 2307 1215 2388 αίγμοί-

262 2395 351 2464 λωτος
367 2384 521 2492 γενόμενος
538 2388 589 2449 καί
599 2390 733 2469 πραθείς.
768 2391 817 2451 δεῖ
827 2383 905 2451 δὲ
868 2414 909 2469 μη
919 2414 955 2452 τα
964 2415 1133 2469 ατνχηματα
1142 2414 1216 2473 προ-

262 2474 371 2558 φέρειν,
384 2466 458 2535 ἇλλδι
468 2497 504 2534 τα
493 2465 584 2554 γένη
595 2475 696 2551 ζητεῖν.

346 2650 460 2718 Πολλὰ
477 2650 534 2716 καί
549 2653 655 2736 ψενδη
670 2646 932 2736 κατηγορηκότος
941 2641 1037 2732 ἡμῶν
1046 2641 1214 2734 Εὐβουλί-
1221 2660 1291 2715 1299

262 2753 342 2831 δον,
363 2749 419 2816 καὶ
435 2753 677 2835 βλασφημίας
663 2747 744 2816 οὔτε
755 2745 986 2833 προσηκούσας
996 2742 1075 2813 οὔτε
1088 2749 1215 2825 δικαίας

259 2850 500 2932 πεποιημένον,
512 2844 964 2939 πειράσομαιτοίληθῆκαδτα
953 2842 1213 2965 δίκαιαλέγων,

262 2970 290 3011 ω
277 2936 422 3029 ἄνδρες
432 2948 597 3030 δικασταί,
621 2951 724 3026 δεῖξαι
736 2948 790 3014 καί
806 2945 905 3032 μετδν
918 2953 976 3033 τῆς
992 2946 1119 3028 πόλεως
1133 2941 1214 3029 ημῖν

261 3043 317 3110 καὶ
335 3043 527 3110 πεπονθότα
542 2994 687 3128 ἐμδντδν
696 3044 768 3164 οθγί
781 3043 993 3131 προσήκοντα
1002 3041 1068 3110 ὑπὸ
1081 3042 1211 3110 τούτου.

262 3137 451 3226 δίομαιδΗ
432 3141 589 3231 αποίντων
598 3139 711 3229 ὑμων,
723 3171 750 3210 ω
738 3136 881 3228 ἄνδρες
893 3146 1059 3228 δικασταὶ,
1078 3145 1132 3209 καί
1143 3147 1212 3210 ίκε-

260 3238 347 3307 τεύω
363 3239 418 3306 καὶ
437 3235 616 3327 ἀντιβολῶ,
641 3248 876 3329 λογισαμένους
891 3243 929 3310 τό
947 3268 983 3310 τε
1001 3246 1141 3328 μέγεθος
1150 3251 1213 3310 τοῦ

261 3339 425 3424 παρόντος
441 3337 571 3426 α’γολνος
586 3345 641 3409 καί
656 3339 718 3428 τὴν
735 3341 895 3428 αἰσχύνην
912 3339 989 3428 μεθ’
1012 3333 1053 3428 ἧς
1073 3338 1212 3428 δποίργει

259 3451 328 3516 τοῖς
339 3435 566 3525 ἁλισκομένοις
576 3438 798 3526 ἀπολωλέναι,
819 3438 963 3507 ἀκοῦσαι
974 3442 1028 3508 καί
1038 3442 1120 3526 ἐμοῦ
1131 3462 1212 3508 σιω-

257 3541 323 3625 πῇ,
346 3538 485 3622 μάλιστα
495 3540 572 3625 μὲν,
595 3545 626 3607 εί
641 3537 803 3624 δυνατὸν,
820 3535 902 3623 μετὰ
919 3545 1069 3618 πλείονος
1079 3540 1211 3615 εὐνοίας

258 3627 412 3718 ἢτοότον
422 3647 503 3721 (τοῖς
513 3635 579 3722 γὰρ
590 3640 627 3704 ἐν
638 3636 785 3725 κινδύνῳ
800 3635 1043 3723 καθεστηκόσιν
1054 3634 1141 3714 είκδς
1151 3631 1209 3700 εύ-

259 3737 476 3818 νοῑκωτίρους
497 3732 583 3820 ὑμᾶς
602 3731 794 3821 ὑπάρχειν),
817 3741 849 3804 εί
868 3735 903 3804 δὲ
918 3734 980 3822 μὴ,
1001 3737 1082 3821 μετοί
1097 3757 1136 3818 γε
1152 3739 1209 3816 τῆς
