3159 4409
240 457 243 463 ’
292 493 357 560 εει
547 487 998 569 [Διεαοεεεαουει

296 654 387 723 ὀκνῶ
401 654 544 740 γράφειν
559 647 640 720 καθ’
660 649 816 733 ἕκαστον,
840 646 914 726 ένός
930 649 1008 734 μέν,
1029 647 1090 716 τόν
1111 647 1248 734 φθόνον

297 753 428 840 δεδιῶς,
453 749 536 838 πρὸς
551 746 592 819 δν
609 746 710 816 οὐδέν
725 742 1117 833 έστιπροόργουτάληθῆ
1128 749 1247 832 λέγειν,

294 854 407 935 ἑτέρου
423 851 468 935 δ’,
490 846 541 917 ότι
557 845 662 938 πολλά
679 847 736 912 καὶ
751 842 871 924 αὐάξια
886 847 1025 912 ἐκείνων
1042 842 1097 911 διά
1107 842 1248 932 τὴντῶν

295 945 577 1033 άλλωνἙλλήνων
593 948 711 1012 κακίαν
728 945 795 1010 νῦν
813 938 970 1025 πράττειν
980 938 1247 1028 ἀναγκαζόμεθα.

269 1051 333 1116 δέν
349 1052 517 1133 κεφαλαίῳ
534 1044 570 1112 δέ
587 1037 713 1110 τοιαῦτ’
725 1043 815 1108 έστιυ
826 1036 882 1124 ἐφ’
895 1035 944 1117 οἷς
953 1039 1155 1136 ἐξηταζόμην
1164 1036 1248 1124 ὑπὲρ

296 1142 391 1230 ὑμῶν
409 1141 470 1229 έγῶ
490 1139 574 1209 ὥσθ’
587 1138 674 1226 ὑμεῖς
691 1139 753 1225 μέν
768 1136 822 1206 ἐπ’
842 1135 953 1217 αὐτοῖς
965 1135 1032 1206 ὑπὸ
1045 1140 1184 1208 πάντων
1196 1144 1249 1226 ζη-

296 1251 457 1325 λοῦσθαι,
481 1242 552 1326 έμοὶ
570 1238 602 1307 δ’
615 1241 732 1307 ἐλπίδα
742 1245 811 1305 τῶν
820 1243 985 1323 μεγίστων
995 1241 1134 1323 δωρεῶν
1145 1259 1251 1324 προσ-

298 1346 464 1409 δοκεῖσθαι
475 1334 671 1423 παρ’ὗμῶν.
699 1334 1082 1424 τῆςδέάυαγκαίαςμὲν,
1094 1335 1251 1425 άγνῶμο-

296 1465 355 1518 νος
366 1440 401 1507 δέ
412 1437 510 1523 τύχης
520 1434 580 1522 οὐχ
591 1432 636 1515 ῶς
646 1440 776 1504 δίκαιον
785 1429 841 1522 ἦν,
852 1431 927 1504 ἄλλ’
940 1433 1166 1523 ὁςέβοόλετο,
1178 1462 1252 1521 κρι-

296 1537 401 1623 νάσης
415 1534 476 1604 τόν
491 1533 575 1620 ὑπὲρ
593 1543 650 1621 τῆς
660 1530 906 1620 τῶνἙλλήνων
920 1536 1113 1621 ἐλευθερίας
1124 1534 1249 1621 άγῶνα,

273 1633 678 1722 όὸνὺμεῑςήγωνίσασθε,
698 1629 825 1702 οόδέέυ
836 1647 903 1712 τοῖς
913 1631 993 1719 μετὰ
1004 1640 1110 1701 ταῦτα
1120 1632 1252 1719 χρόνοις

299 1732 444 1821 άπέστηυ
454 1742 512 1821 τῆς
523 1741 569 1813 εἰς
579 1733 666 1821 ὑμᾶς
677 1731 818 1819 εὐνοίας,
831 1731 901 1800 οὐδ’
914 1730 1169 1818 άντηλλαξάμην
1180 1731 1253 1802 ἀντὶ

299 1834 419 1918 ταύτης
430 1830 544 1920 οὐδέν,
556 1831 599 1901 οὐ
608 1833 723 1919 χάριν,
736 1830 800 1900 οὐκ
812 1835 961 1919 ἐλπίδας,
980 1829 1022 1900 οὐ
1032 1841 1198 1919 πλοῦτον,
1212 1830 1254 1901 οὐ

301 1935 514 2015 δυναστείαν,
531 1929 593 1997 οὐκ
610 1929 804 2014 ἀσφάλειαν.
835 1938 942 1999 καίτοι
957 1931 1066 2000 πάντα
1077 1931 1181 2001 ταῦθ’
1193 1931 1254 2000 ἑῶ-

301 2053 371 2116 ρων
387 2024 579 2113 ὑπάρχοντα
589 2041 657 2106 τοῖς
667 2027 749 2096 καθ’
763 2027 861 2115 ὑμῶν
871 2034 1089 2118 βουλομένοις
1100 2031 1256 2102 πολιτεύ-

275 2141 291 2197 λ
302 2139 407 2196 εσθαι.
439 2123 458 2195 δ
469 2129 522 2212 δέ,
541 2134 674 2195 πολλῶν
686 2127 795 2196 όντων
805 2130 861 2197 καὶ
872 2130 1026 2216 μεγάλων
1036 2129 1092 2217 ἐφ’
1104 2127 1153 2210 οἷς
1164 2130 1255 2198 εἰκό-

299 2253 364 2306 τως
372 2230 540 2313 ἐπέρχεταί
547 2253 603 2313 μοι
614 2228 912 2314 παρρησιάζεσθαι,
923 2233 1080 2316 μέγιστον
1090 2229 1256 2318 ἡγούμην,

301 2325 364 2394 οὐκ
381 2324 514 2412 ὀκνήσω
525 2325 652 2411 γράψαι
663 2324 747 2413 πρὸς
757 2325 854 2414 ὑμᾶς,
867 2327 917 2396 ὅτι
926 2332 963 2396 έν
972 2327 1152 2416 άπαυτιτῶ
1160 2335 1256 2397 αίῶνι

300 2433 368 2492 τῶν
385 2429 686 2511 μνημονευομένων
703 2424 897 2511 άνθριόπων
914 2429 1107 2498 δεινοτάτου
1116 2454 1257 2515 γεγενη-

300 2527 404 2608 μένου
415 2529 582 2592 Φιλίππου
594 2527 648 2592 καὶ
659 2524 703 2592 δι’
718 2523 847 2611 ὁμιλίας
857 2540 966 2593 πεῖσαι
976 2531 1153 2613 προσέχειν
1163 2523 1257 2614 αὑτῶ

220 2654 228 2667 ·
300 2619 472 2705 τόυνοῶν,
497 2617 540 2698 ῶς
558 2622 731 2708 βούλοιτο,
752 2624 808 2691 καὶ
820 2627 1013 2708 διαφθεῖραι
1022 2624 1168 2711 χρήμασι
1176 2620 1257 2701 τοὺς

273 2723 338 2793 δέν
349 2720 468 2808 ἑκάστη
479 2727 547 2788 τῶν
555 2718 753 2807 Ἑλληνίδων
764 2723 895 2790 πόλεων
904 2730 1102 2809 γνωρίμους,
1115 2721 1181 2807 ἐγῶ
1193 2721 1307 2808 μόΙῶ

300 2846 358 2899 νος
369 2817 546 2905 οὐδετέρου
555 2819 685 2887 τούτων
694 2817 893 2908 ἡττήθηυςδ
905 2820 1024 2908 κοινὴν
1033 2818 1114 2907 ὑμῖν
1126 2831 1258 2906 φιλοτι-

302 2926 380 3005 μίαν
400 2921 510 3005 φέρει,
532 2917 638 2987 πολλά
655 2919 716 3005 μὲν
731 2918 880 3006 έντυχῶν
897 2927 1050 3010 Φιλίππῳ
1068 2920 1125 2987 καὶ
1145 2924 1258 2987 διαλε-

301 3020 392 3102 χθεὶς
403 3014 457 3102 ἐφ’
469 3011 622 3102 οἶςχὺμεϊς
632 3019 789 3102 ἐπέμπετε
800 3018 1029 3106 πρεσβεύοντά
1044 3042 1102 3103 με,
1121 3026 1259 3085 πολλῶν

304 3113 336 3182 δ’
359 3113 585 3202 ἀποσχόμενος
604 3117 781 3204 χρημάτων
802 3118 953 3195 διδόντος
973 3118 1120 3200 ἐκείνου,
1143 3113 1167 3183 δι’
1189 3125 1258 3184 τῶν
1292 3136 1298 3149 ‘

303 3216 505 3284 συνειδότων
521 3220 568 3283 έτι
583 3218 699 3296 πολλοὶ
718 3221 824 3297 ζῶσιν.
859 3213 917 3294 οὓς
933 3223 1007 3283 τίνα
1019 3213 1158 3300 γνώμην
1170 3219 1259 3301 ἔχειν

303 3316 377 3399 περὶ
388 3312 483 3401 ὑμῶν
493 3317 579 3395 είκός
589 3323 783 3400 λογίσασθε·
800 3313 837 3382 τδ
849 3316 912 3401 γάρ
924 3321 972 3400 τῶ
982 3313 1122 3402 τοιοάτφ
1133 3322 1259 3382 τοῦτον

303 3408 363 3478 τόν
378 3414 503 3497 τρόπον
520 3423 703 3501 κεχρῆσθαι
718 3418 788 3501 ἐμοὶ
805 3415 867 3501 μέν
882 3410 926 3481 άν
942 3404 983 3481 εὖ
992 3410 1057 3480 οἷδ’
1070 3412 1121 3481 ότι
1134 3419 1257 3499 φανείη

303 3510 477 3598 συμφορά,
494 3518 592 3582 κακία
604 3513 640 3581 δὲ
651 3512 802 3600 οὐδεμία,
814 3512 956 3600 ὑμετέρα
967 3514 1003 3581 δέ
1014 3509 1256 3598 άγνωμοσάνη·

276 3606 344 3696 suiv
360 3618 407 3699 τῷ
422 3622 629 3697 μεταγνῶναι
640 3614 765 3682 λύσετε.
798 3612 906 3680 πάντα
915 3620 1032 3680 τοίνυν
1041 3608 1082 3678 τά
1095 3633 1258 3696 προειρη·

301 3713 384 3794 μένα
405 3707 526 3777 ἐλάττω
548 3717 668 3798 νομίζω
690 3719 749 3799 τῆς
769 3719 930 3798 συνεχοῦς
950 3711 1006 3780 καὶ
1024 3705 1106 3778 καθ’
1125 3709 1256 3795 ἡμέραν
