3159 4409
459 513 602 574 ΚΑΤΑ
624 475 1061 573 οΛυΜΠεοΔαΡου.
1166 508 1229 575 1³³

283 681 387 743 ταῦτα
398 679 640 759 μαρτυροῦσιν,
653 667 722 738 ἀλλ’
733 666 873 757 ἡσυχίαν
884 667 973 755 εἶχον
983 669 1124 757 πολλήν;
1140 666 1227 757 ήδιά

284 781 319 842 τί
327 771 370 840 σῦ
378 823 388 857 ,
396 771 658 858 Ὀλυμπιόδωρε,
676 765 889 837 οὐδεπώποτέ
899 795 956 855 μοι
966 772 1076 854 ἔλαχες
1085 773 1229 838 ἐνοικίου

285 877 382 958 δίκην
398 879 456 957 τῆς
471 860 630 954 οίκίαςής
647 874 788 954 ἔφασκες
802 874 974 954 μισθῦσαί
982 894 1039 953 μοι
1051 864 1096 946 ῦς
1106 873 1230 935 σαυτοῦ

250 1009 255 1018 ·
286 965 410 1055 οὖσαν,
432 967 588 1038 οὐδὲτοῦ
604 966 766 1054 ἀργυρίου
783 957 824 1034 οῦ
839 970 947 1051 ἔλεγες
957 963 1040 1051 πρός
1050 967 1127 1044 τοῦς
1138 968 1231 1033 δικα-

285 1066 365 1148 στάς
376 1066 606 1146 ότιέδάνεισάς
617 1090 692 1152 μοις
710 1063 1121 1152 τοῦτανοάδὲυέποίησας.
1148 1062 1231 1133 ὥστε

285 1175 356 1246 πῶς
365 1163 409 1234 ἀν
419 1174 546 1252 μᾶλλον
557 1163 737 1248 ἅνθρωπος
749 1167 945 1250 ἐξελέγχοιτο
961 1162 1166 1252 ψευδόμενος
1177 1166 1232 1232 καί

285 1264 465 1334 ὑπεναντία
476 1266 583 1351 λέγων
593 1261 693 1342 αὐτός
704 1260 797 1353 αὑτοῦ
812 1264 867 1330 καί
881 1263 1073 1349 αίτιοόμενος
1083 1261 1123 1330 τὰ
1134 1259 1233 1331 οῦδε-

240 1383 277 1440 46
286 1365 418 1433 ποόποτε
432 1356 613 1449 γευόμενα;
634 1359 701 1449 ὅδὲ
711 1362 848 1429 πάντων
858 1361 1013 1448 μέγιστόν
1023 1366 1121 1448 ἐστιν,
1134 1353 1161 1430 ἀ
1172 1357 1234 1429 ἀῦ-

286 1469 364 1549 δρες
374 1467 533 1549 δικασταί,
546 1455 575 1551 ᾦ
587 1465 642 1530 καί
652 1461 824 1546 γντόσεσθε
835 1461 967 1528 τουτονί
982 1458 1033 1530 ότι
1045 1460 1157 1539 ἀδικός
1168 1463 1234 1528 ἐστι
1242 1465 1311 1535 1180

286 1565 344 1632 καί
359 1564 555 1648 πλεονέκτης
576 1559 771 1644 ἄνθρωπος·
808 1562 907 1652 έχρήν
928 1559 992 1644 γὰρ
1013 1555 1132 1643 αῦτδν,
1155 1567 1187 1626 εί
1204 1582 1236 1625 τι

246 1739 256 1752 ,
286 1659 412 1746 ἀληθὲς
422 1653 466 1745 ἦν
477 1651 526 1725 νῦν
536 1659 633 1744 λέγει,
645 1657 808 1745 πρότερον
819 1665 922 1726 ταῦτα
933 1659 1041 1743 λέγειν
1049 1659 1105 1725 καί
1114 1661 1236 1725 ἐπιδει-

287 1758 422 1842 κνῦειν,
444 1758 523 1839 πρίν
540 1754 600 1824 τόν
616 1752 731 1840 ἀγῦνα
746 1757 969 1842 γενέσθαικαὶ
980 1761 1236 1844 διαπειραθῆναι

270 1858 359 1926 ’τῦν
370 1860 535 1924 δικαστῦν
545 1853 566 1923 ό
574 1881 605 1923 τι
615 1856 818 1942 γνιόσονται,
835 1858 890 1924 καί
906 1856 1142 1945 παραλαβόντα
1151 1864 1235 1924 πολ-

288 1953 369 2033 λοῦς
380 1955 548 2040 μάρτυρας
560 1951 676 2034 ἀξιοῦν
691 1952 902 2039 ἀναιρεῖσθαι
917 1955 976 2035 τάς
986 1954 1160 2040 συνθήκας
1171 1977 1236 2021 πα-

290 2052 406 2143 ράτοῦ
413 2054 663 2139 Ἀνδροκλείδου
679 2049 723 2132 ὡς
738 2059 1001 2141 παραβαίνοντος
1019 2057 1102 2139 ἐμοῦ
1113 2055 1168 2121 καί
1177 2050 1237 2120 τά-

291 2157 407 2222 ναντία
429 2152 628 2237 πράττοντος
649 2153 755 2241 ἑαυτῷ
777 2157 833 2222 καί
853 2150 963 2222 οῦκέτι
982 2159 1108 2236 κυρίων
1125 2151 1238 2220 οῦσῦν

293 2259 361 2320 τῦυ
378 2259 561 2338 συνθχκῦν
578 2253 649 2337 ἐμοὶ
665 2253 728 2334 καί,
745 2251 869 2340 τούτῳ,
888 2254 943 2320 καί
953 2258 999 2340 τῷ
1009 2250 1239 2336 Ἀνδροκλείδῃ

293 2356 342 2438 τῷ
351 2353 456 2434 ἔχοντι
466 2347 524 2428 τάς
536 2345 708 2434 συνθήκας
719 2349 1007 2435 διαμαρτύρασθαι
1018 2348 1070 2416 ότι
1080 2347 1169 2437 αὐτῷ
1180 2345 1241 2414 οῦ-
1320 2398 1322 2402 -

248 2457 284 2513 47
295 2450 353 2515 δέν
363 2451 452 2517 ἐστιν
463 2452 509 2515 ἔτι
521 2455 655 2533 πρᾶγμα
666 2445 750 2531 πρὸς
759 2445 817 2524 τὰς
828 2445 999 2533 συνθήκας
1008 2446 1137 2524 ταῦτας.
1152 2440 1239 2512 ταῦτ’

294 2542 525 2632 έχρήναῦτδυ,
548 2536 705 2631 ῦάνδρες
717 2545 881 2628 δικασταί,
903 2553 994 2630 είπερ
1013 2568 1045 2612 τι
1059 2535 1101 2632 ήν
1118 2541 1242 2631 ἀληθὲς

296 2635 458 2729 ῦυλέγει,
480 2645 535 2710 καί
545 2642 651 2729 μόνον
667 2642 849 2728 προσιόντα
864 2649 911 2734 τῷ
927 2641 1157 2733 Ἀνδροκλείδῃ
1168 2648 1241 2711 δια-

294 2742 529 2829 μαρτύρασθαι
549 2747 604 2811 καί
624 2740 705 2830 μετά
722 2740 902 2829 μαρτύρων
919 2750 1070 2831 πολλῶν,
1091 2741 1131 2812 ἵν’
1151 2739 1242 2831 αὐτῷ

295 2843 411 2909 πολλοὶ
428 2833 514 2927 ήσαν
531 2847 565 2911 oc
580 2842 776 2923 συνειδότες.
809 2840 861 2911 ότι
875 2846 910 2914 δὲ
921 2842 1161 2914 τοῦτυυοῦδὲν
1172 2842 1244 2910 ποό-

295 2937 365 3008 ποτ’
378 2942 547 3026 ἐποίησεν,
561 2940 665 3010 αὐτοῦ
676 2940 757 3029 ῦμίν
767 2950 830 3011 τοῦ
843 2942 1110 3032 Ἀνδροκλείδου,
1130 2939 1204 3029 παρ’
1216 2931 1245 3032 ᾦ

295 3041 380 3107 είσίν
390 3044 427 3107 αί
435 3049 603 3128 συνθῆκαι
618 3047 782 3129 κείμεναι,
805 3051 991 3133 μαρτυρίαν
1008 3041 1242 3130 ἀναγνώσεται.

295 3141 369 3225 λέγε
381 3138 442 3225 τὴν
453 3147 647 3227 μαρτυρίαν.

650 3249 891 3312 ΜΑΡΤΤΡΙΑ.

252 3347 287 3401 48
331 3381 334 3384 -
372 3336 510 3426 Ἕτερον
525 3337 567 3426 δ’,
581 3331 609 3408 οἷ
619 3339 739 3427 ἀνδρες
750 3343 915 3425 δικασταί,
933 3342 1118 3425 σκέψασθε,
1139 3336 1246 3410 δδια-

296 3441 488 3520 πέπρακται.
509 3438 573 3524 έγῦ
585 3438 650 3526 γάρ
661 3448 783 3510 τοῦτον
793 3438 1073 3526 προύκαλεσάμην
1083 3437 1247 3527 καίήξίυ-

298 3553 340 3602 σα
352 3533 583 3623 ἀκολουθῆσαι
602 3535 647 3618 ῦς
655 3537 925 3625 Ἀνδροκλείδην,
947 3530 1062 3629 παρ’μῦ
1077 3554 1201 3607 κεῖνται
1212 3541 1249 3603 αί

299 3643 484 3721 συνθῆκαι,
502 3637 558 3704 καὶ
568 3645 665 3726 κοινή
676 3636 946 3723 ἐκγραψαμένους
954 3633 1040 3722 ήμάς
1048 3636 1106 3716 τὰς
1116 3633 1248 3719 συνθή-

300 3759 361 3812 κας
379 3733 479 3801 πόλιν
496 3734 726 3822 σημήνασθαι,
748 3732 788 3802 τὰ
806 3734 840 3803 δ’
851 3733 1037 3823 ἀντίγραφα
1048 3736 1250 3822 ἐμβαλέσθαι
