3159 4409
254 520 261 533 1
347 468 410 554 τεο
535 492 651 550 τινιιι.
687 438 1106 590 Διιιιόεοενονε

346 658 501 737 ημερίαν,
529 653 782 735 ἐπαγγείλαντος
804 647 836 716 δ
859 652 943 735 ἐμοῦ
963 657 1167 738 κομίζεσθαι
1184 647 1300 730 αὐτοῖς

348 774 410 870 την
421 746 569 834 δίκην,“
545 776 589 826 εις
600 748 847 871 μεμαρτύρηται
857 745 953 836 ὑμῖν,
970 753 1067 818 καδεί
1053 749 1244 829 ίσελθόντες
1255 757 1301 830 είς

346 846 409 933 τήν
424 853 532 915 οἰκίαν
548 846 640 915 τότε
658 846 763 970 σκεύη
777 839 1031 934 ἐκφορήσαιτήν
1041 873 1076 916 τε
1086 846 1206 934 τιτθήν
1217 867 1303 933 συγ-

347 946 456 1030 κοψαι,
463 970 572 1030 μραυν
581 946 763 1030 γυναῖκα,
744 971 840 1012 ενεκα
849 952 1003 1031 κνμβιου,
1012 948 1069 1014 καὶ
1078 972 1183 1014 ταυτα
1192 946 1302 1015 πάντα

347 1049 394 1112 ἔτι
404 1049 489 1129 ἔχειν
506 1045 561 1112 καὶ
576 1070 620 1132 μη
611 1041 837 1112 ἀποδιδόναι
854 1043 1055 1124 ἐκτετικότος
1072 1049 1154 1131 ἐμοῦ
1170 1043 1234 1132 τήν
1250 1048 1303 1112 ot*

304 1165 428 1230 ενκην,
450 1151 553 1229 χιλίας
563 1151 751 1229 τριακοσίας
761 1149 928 1231 δεκατρεῖς
939 1141 996 1211 δύ’
1008 1142 1127 1230 όβολιό.
1160 1146 1239 1211 εἰδί
1252 1168 1303 1222 τις

348 1239 514 1327 ἀγνοήσας
530 1240 735 1322 αότοδςτότε
746 1241 893 1322 ἀκάκους
902 1241 1048 1330 ἡγήσατο
1060 1246 1115 1312 καὶ
1126 1241 1301 1328 ιἰπρόμμσ-

348 1366 408 1421 νας
423 1339 523 1428 είναι,
546 1342 710 1429 βούλομαι
726 1339 807 1429 ὑμῖν
824 1346 899 1426 περὶ
916 1338 1030 1410 αὐτῶν
1047 1341 1104 1421 τὰς
1119 1346 1301 1428 μαρτυρίας

349 1439 555 1528 ἀναγνῶναι,
567 1439 606 1521 δίς
615 1441 890 1529 μεμαρτυρήκασί
896 1468 953 1528 μοι
964 1445 998 1509 οἱ
1005 1438 1072 1510 ὑπὸ
1085 1442 1215 1510 τούτων
1227 1437 1302 1528 ήδι·

349 1543 496 1627 κημένοι·
518 1540 607 1630 λόγῳ
627 1541 689 1627 μὲν
710 1540 775 1628 γὰρ
797 1540 1020 1628 διηγήσασθαι
1043 1538 1106 1608 οὐκ
1122 1537 1166 1608 ἂν
1182 1540 1302 1609 ἱκανόν
1334 1538 1338 1543 ’

348 1666 405 1726 μοι
415 1643 541 1724 γένοιτο
553 1639 589 1707 τὸ
601 1639 710 1726 ὕδωρ,
719 1639 767 1708 ἵν’
778 1643 814 1708 ἐκ
824 1641 955 1709 τούτων
966 1637 1124 1709 ἁπάντων
1133 1638 1302 1724 σκεψάμε-

348 1763 417 1823 νοι,
429 1763 496 1804 των
506 1762 541 1804 τε
552 1743 740 1822 λεχθέντων
750 1741 805 1807 και
816 1747 885 1806 τοῖν
896 1742 1189 1825 μαρτυρουμένων,
1201 1735 1301 1805 ὁσίαν

349 1840 404 1904 καὶ
423 1836 555 1903 δικαίαν
576 1834 700 1919 ὑπὲρ
681 1844 787 1922 υμῶν
799 1835 911 1904 αὐτῶν
930 1845 1074 1923 τιθῆσθε
1094 1834 1159 1923 τήν
1173 1844 1300 1922 ψήφου.

349 1938 423 2021 λεμε
434 1960 492 2014 τας
502 1943 690 2020 μαρτυρίας
1290 1964 1294 1969 ·

695 2042 955 2102 ΜΑΡΤΓΡΙΑΙ.

765 2342 883 2399 XLVIII.

382 2462 388 2477 ’
447 2498 567 2567 ΚΑΤΑ
588 2464 982 2565 οινιιΠιοΛιιΡον
998 2446 1201 2566 flamm

677 2665 972 2725 ΥΠΟΘΕΣΙΣ.

351 2792 545 2906 Ποικίλην”
529 2823 585 2881 εχει
595 2802 777 2905 περιπέτειαν
787 2794 993 2908 πραγμότανὸ
1008 2796 1100 2881 λόγος.
1128 2793 1235 2861 Κόνων
1246 2791 1305 2882 γάρ

349 2911 393 2962 τις
409 2879 486 2968 όνήρ
495 2881 685 2986 Ἀθηναῖος’
665 2909 754 2962 απαις
765 2882 941 2971 τελευτᾷ,
921 2910 960 2960 υς
972 2885 1104 2946 ἐπίδικον
1114 2889 1174 2957 τοῖς
1185 2883 1305 2957 οἰκείοις

349 2962 526 3054 γενέσθαι
498 2992 550 3031 τον
538 2974 678 3071 κλῆρον.
695 2969 951 3053 Καλλίστρατος
918 2993 972 3049 μεν
983 2992 1037 3030 ουν
1048 2962 1064 3031 ὃ
1074 2960 1126 3030 τὸν
1111 2962 1225 3068 λογον
1234 2989 1303 3028 του
1288 2970 1360 3028 -165

350 3056 413 3118 τινί
429 3053 540 3158 λέγων
538 3047 652 3116 όλον
624 3078 675 3117 τον
675 3060 817 3202 ἐκλήρου
806 3060 910 3116 τοῦτον
921 3054 1014 3136 ἑαυτῷ
1022 3045 1184 3154 προσήκειν
1193 3051 1303 3154 φησίν·

351 3163 511 3244 εγμυτατω
505 3163 563 3220 γαρ
572 3161 647 3200 κατα
652 3164 673 3244 η
675 3139 738 3212 ένος
750 3131 837 3212 αντδς
848 3133 924 3199 εἷναι
934 3162 976 3222 τῳ
962 3115 1113 3199 Κόνωνι.
1131 3127 1207 3196 ἀλλὰ
1216 3136 1304 3197 τοῦτο
1364 3193 1368 3200 .

350 3223 405 3324 μὲη
412 3217 477 3303 τάχ’
491 3249 530 3285 αν
540 3223 590 3284 καί
601 3226 742 3328 ηιευδοιτο
753 3247 805 3284 και
795 3216 892 3307 λόγω
903 3226 1072 3325 καταηρῷτο
1082 3225 1171 3321 ψιλῷ.
1196 3211 1304 3321 Ὀλυμ-

278 3354 281 3359 -
349 3301 494 3388 πιόδωρος
504 3307 536 3370 δὲ
540 3303 634 3389 ,πρὸς
643 3302 709 3411 όνη
696 3301 804 3386 δίκη,
816 3306 867 3366 και
878 3299 965 3378 αυτὸς
973 3282 1237 3409 ήμφισβήτησενὲξ
1249 3295 1304 3403 ἆρ-

350 3395 403 3472 χής
418 3413 470 3453 του
486 3387 605 3473 κλήρου.
638 3387 731 3472 ήστην
747 3389 779 3452 δὲ
796 3384 926 3451 οίκεία’
910 3412 967 3451 οτι
973 3382 1211 3491 Ὀλυμπιόδωρος
1224 3378 1304 3449 καὶὸ

351 3477 579 3556 Καλλίστρατος·
602 3469 735 3576 αδελφήη
755 3467 814 3577 γόιρ
828 3466 1067 3580 Ὀλυμπιοδώρου
1088 3467 1304 3578 Καλλίστρατος

352 3556 380 3623 εί
378 3567 552 3663 χεηυναῖκα.
587 3545 732 3643 ἔδοξεν
697 3582 751 3620 ουν
761 3552 860 3632 αὐτοις
871 3582 912 3659 μη
924 3559 1119 3658 διαφέρεσθαι
1128 3577 1201 3638 προς
1213 3548 1304 3655 αλλή-

352 3651 452 3747 λονς,
442 3637 516 3705 III&
528 3642 728 3749 νείμασθαι
696 3666 749 3722 μεν
760 3643 788 3719 ἐξ
787 3636 904 3747 ἴσης
873 3665 928 3723 την
939 3634 1043 3703 οὐσίαν
1052 3663 1105 3702 του
1091 3634 1305 3739 τελευτήσαν-

352 3750 413 3808 τος,
435 3723 490 3809 οση
501 3722 616 3811 φανεροί
627 3750 656 3790 τε
665 3717 705 3808 ήν
716 3750 766 3788 και
757 3720 1002 3809 ’ὦμολογημένη,
1023 3748 1110 3809 κοινη
1095 3722 1179 3798 'goz
1162 3727 1258 3804 ζητεῖν
1267 3744 1306 3784 τιι
