3159 4409
307 489 369 554 εει
489 489 587 568 ιτοι.
612 483 1044 559 [Λυκοεοιιιιουεη
1139 549 1143 569 Ι

267 647 352 734 κοήυ
362 648 423 733 μέν
434 638 497 714 οὖν
507 645 643 724 ἕκαστος
654 642 765 712 αότών
776 643 933 729 ἐκτήσατο
943 645 998 711 καὶ
1009 639 1053 721 ώς
1062 639 1256 727 ήλευθερώ-

310 757 422 833 θησαν
438 741 503 812 ὑπό
521 751 590 812 τών
604 747 794 830 πριαμένων
810 739 913 821 αότάς
932 741 1026 825 παρά,
1037 749 1095 828 τῆς
1111 743 1256 824 Νικαρέ-

311 871 383 932 της,
406 842 580 931 προϊόντος
592 850 653 909 τοῦ
669 840 791 926 λόγου,
814 834 858 907 άν
874 839 1044 927 βούλησθε
1054 837 1193 929 ἀκούειν
1203 843 1260 905 καί

312 969 367 1028 μοι
378 942 552 1027 περιουσίδ
559 934 653 1029 ήτοῦ
663 939 799 1023 ὕδατος,
821 939 959 1025 δηλώσω
970 937 1063 1025 ὑμῖν·
1087 935 1257 1017 ώςδέΝέ-

313 1032 720 1126 αιρααῦτηΝικαρέτηςήν
731 1038 1010 1127 καὶείργάζετοτςό
1020 1037 1145 1122 σώματι
1156 1046 1257 1122 μισθ-

282 1202 284 1205 .
313 1146 462 1224 αρνοῦσα
483 1151 549 1215 τοῖς
576 1138 790 1224 βουλομένοις
817 1135 902 1225 αὐτῇ
928 1136 1133 1222 πλησιάζειν,
1163 1130 1254 1221 τοῦθ’

270 1256 304 1307 21
313 1233 391 1322 ὑμῖν
408 1237 570 1322 βούλομαι
588 1236 689 1305 πάλιν
704 1239 910 1305 ἐπανελθεῖν.
942 1240 1069 1313 Λυσίας
1083 1234 1148 1321 γάρ
1165 1231 1183 1301 ὁ
1201 1253 1257 1301 σο-

314 1335 431 1419 φιστής
446 1340 654 1419 Μετανείρας
673 1329 721 1402 ολν
737 1331 876 1421 ἐραστής
901 1333 1080 1421 ἐβουλήθη
1093 1331 1178 1418 πρὸς
1193 1346 1257 1409 τοῖς

314 1430 424 1511 ἀλλοις
437 1429 651 1519 ἀναλώμασιν
668 1429 716 1511 οἷς
732 1430 911 1519 ἀνήλισκεν
927 1437 973 1510 είς
986 1428 1092 1516 αὐτὴν
1108 1432 1164 1498 καλ
1174 1435 1258 1517 μυή-

314 1553 385 1613 σαι,
402 1525 587 1616 ήγοόμενος
596 1528 637 1598 τά
649 1534 710 1617 μὲν
720 1528 804 1598 ἀλλα
814 1528 1013 1616 ἀναλώματα
1024 1525 1085 1613 τήν
1103 1528 1258 1652 κεκτημέ-

314 1655 379 1715 νην
395 1628 499 1714 αὐτήν
515 1623 751 1750 λαμβάηειν,
737 1623 840 1704 οἶδ’
819 1654 862 1695 αν
880 1632 926 1705 είς
941 1625 1003 1744 τήν
1019 1623 1137 1711 ἑορτήν
1155 1629 1210 1693 καὶ
1220 1621 1257 1690 τά

315 1727 478 1814 μυστήρια
495 1725 637 1813 ὑπλρ’
594 1736 696 1814 αυτής
711 1725 885 1813 ἀναλώσῃ,
904 1721 987 1810 πρός
1003 1721 1120 1844 αήτήυ
1123 1720 1187 1808 τήν
1200 1720 1259 1789 άν-

314 1836 455 1948 θρωπον
465 1825 561 1910 χάριν
572 1825 832 1944 καταθήσεσθαι.
862 1822 984 1909 ἐδεήθη
1003 1848 1067 1889 ουν
1079 1828 1137 1907 τῆς
1153 1828 1257 1888 Νικα-

316 1927 409 2009 ρέτης
419 1927 532 1990 ἐλθεῖν
547 1929 593 2002 είς
608 1922 647 1990 τά
667 1925 831 2009 μυστήρια
850 1921 999 2007 ἀγουσαν
1015 1921 1077 2007 τήν
1094 1920 1258 1986 Μετανεν
1265 1930 1315 1988 1352

272 2018 945 2107 ηεραν,ιναμυηθή,καλαότὸςόπέσχετο
957 2020 1106 2106 μυήσειν.
1140 2017 1259 2104 ἀφικο-

315 2120 415 2204 μένας
427 2115 458 2183 δ’
472 2115 574 2197 αὐτάς
591 2115 609 2186 ὁ
621 2125 747 2198 Λυσίας
759 2125 805 2198 είς
820 2119 881 2206 μὲν
890 2119 952 2205 ’τήν
963 2116 1068 2186 αὑτοῦ
1078 2124 1187 2186 οίκίαν
1198 2114 1259 2184 οὐκ

316 2217 455 2303 εἰσάγει,
476 2217 712 2303 αἰσχυνόμενος
729 2219 793 2305 τήν
811 2244 847 2285 τε
863 2232 1004 2302 γυναῖκα
1014 2214 1058 2303 ήν
1069 2216 1149 2312 εἶχε,
1172 2225 1260 2303 Βρα-

314 2315 438 2399 χύλλου
455 2314 515 2400 μέν
531 2318 717 2402 θυγατέρα,
739 2315 923 2403 ἀδελφιδῆν
940 2314 975 2383 δέ
993 2312 1113 2401 αὑτοῦ,
1136 2312 1260 2398 καὶτήν

316 2419 438 2501 μητέρα
454 2411 639 2500 τήναιίτοῦ
663 2419 892 2502 πρεσβυτέραν
906 2441 942 2482 τε
959 2407 1066 2482 οὖσαν
1085 2414 1140 2480 καὶ
1159 2415 1196 2480 έυ
1217 2419 1259 2499 τῷ

317 2513 406 2603 αὐτῷ
422 2516 651 2600 διαιτωμένην·
674 2513 719 2593 ὡς
736 2515 961 2600 Φιλόστρατον
979 2512 1015 2579 δὲ
1030 2510 1089 2579 τόν
1100 2517 1261 2596 Κολωνῆ-

316 2622 390 2694 θεν,
403 2610 509 2698 ήθεου
518 2618 564 2680 ἔτι
574 2611 656 2680 ὅντα
666 2615 720 2681 καλ
732 2620 832 2698 φίλον
843 2611 943 2702 αὐτῷ,
954 2616 1151 2694 καθίστησιν
1163 2605 1181 2677 ὁ
1192 2614 1262 2675 Λυ-

224 2783 227 2791 ,
317 2707 514 2793 σίαςαότάς,
538 2710 602 2796 τήν
623 2737 659 2792 τε
675 2712 887 2794 Μετάνειραν
907 2712 962 2778 καὶ
982 2708 1043 2795 τήν
1063 2713 1260 2792 Νικαρέτην.

317 2809 561 2894 συνηκολούθει
574 2810 609 2876 δέ
619 2813 808 2894 καὶΝέαιρα
818 2810 913 2896 αὕτη,
921 2810 1117 2896 ἐργαζομένη
1128 2811 1190 2892 μέν
1200 2805 1261 2892 ήδη

316 2913 361 2997 τῷ
374 2907 516 2992 σώματι,
534 2911 677 2994 νεωτέρα
693 2910 728 2976 δέ
740 2901 826 2976 οὖσα
838 2906 891 2975 διά
902 2906 938 2975 τὸ
951 2907 1048 2994 μήπω
1059 2907 1121 2992 τὴν
1131 2903 1262 2992 ἡλικίαν

273 3002 401 3092 η3αότή
418 3019 579 3088 παρεῖναι.
612 3003 656 3085 ώς
673 2999 737 3073 οὖν
759 3003 871 3092 ἀληθή
887 3009 988 3091 λέγω,
1011 3004 1063 3072 ότι
1078 3005 1262 3089 Νικαρέτης
1288 3018 1297 3041 ·

314 3094 358 3186 ήν
368 3104 422 3169 καὶ
439 3099 620 3188 ήκολοόθει
635 3105 744 3192 ἐκείνη
762 3106 816 3172 καὶ
833 3103 1026 3189 ἐμισθάρνει
1042 3109 1087 3188 τῷ
1099 3102 1263 3190 βουλομέ-

316 3226 364 3288 νω
375 3198 581 3286 ἀναλίσκειν,
605 3203 734 3271 τούτων
751 3199 832 3287 ὑμῖν
850 3199 1024 3270 αὐτόντόν
1036 3200 1262 3288 Φιλόστρατον

315 3297 466 3384 μάρτυρα
477 3305 576 3366 καλώ.

667 3421 907 3482 MAPTYPIA.

400 3525 609 3613 [Φιλόστρατος
627 3537 787 3596 Διονυσίου
801 3537 982 3635 Κολωνῆθεν
999 3554 1139 3631 μαρτυρει
1130 3532 1264 3594 εἰδέναι

359 3610 493 3692 Νέαιραν
504 3606 716 3716 Νικαρέτης
680 3635 789 3718 ουσαν,
808 3605 899 3719 ήσπερ
917 3640 967 3717 ημι
958 3610 1152 3717 Μετάνειρα
1170 3615 1262 3716 ἐγένε-

235 3756 238 3762 ,
357 3717 404 3774 το,
430 3695 480 3758 καὶ
502 3694 684 3780 κατάγεσθαι
709 3693 775 3783 παρ’
801 3693 898 3782 αυτῷ,
925 3695 973 3762 ὅτε
994 3702 1034 3774 είς
1059 3693 1095 3761 τά
1117 3696 1264 3783 μυστήρια
