3159 4409
327 481 391 546 404
426 513 430 527 ·
578 480 1025 559 [ΔΗΜοΣοαΝουΣ]

328 640 373 709 άν
382 642 602 726 καταράσαιτό
612 668 661 720 τις
671 641 776 732 αὐτῷ,
794 638 889 707 ταῦτ’
902 643 938 707 ἐκ
949 642 1178 726 προαιρέσεως
1189 656 1280 710 ποιεί.

288 740 447 828 11ἐχθρός
463 744 525 827 μέν
540 744 609 808 ἐστι
625 754 692 819 τοῖς
707 746 859 825 γονεῦσι,
881 746 977 825 φίλος
993 738 1029 806 δὲ
1039 745 1226 828 Παυσανίᾳ
1241 748 1281 830 τῷ

327 840 457 929 τόρνῳ·
477 840 532 905 καὶ
548 839 752 922 θρασύνεται
768 840 829 924 μὲν
847 833 891 916 ὥς
913 833 1014 923 ἀνὴρ,
1037 836 1160 923 πάσχει
1183 838 1218 906 δ’
1242 836 1281 916 ὥς

327 938 429 1025 ’γυνή’
452 939 579 1005 καὶτοῦ
589 937 650 1023 μὲν
661 936 784 1022 πατρός
797 942 865 1005 ἐστι
882 940 1138 1023 κρείττωυ,τῶν
1158 937 1192 1012 δ’
1212 944 1280 1007 αίσ·

328 1044 418 1123 χρῶν
437 1034 561 1121 ἥττων·
592 1029 642 1113 οἷς
654 1032 686 1101 δ’
699 1032 764 1102 ὑπό
776 1036 911 1102 πάντων
923 1040 1193 1124 δυσχεραίνεται,
1204 1039 1279 1105 τοό-

328 1162 396 1214 τοις
407 1133 468 1220 τὴν
479 1134 630 1202 διάνοιαν
640 1132 831 1219 ἀγάλλεται,
844 1135 1158 1222 αίσχρορρημοσύυη
1170 1140 1277 1225 καὶτῷ

328 1239 513 1321 διηγεῖσθαι
529 1230 621 1302 ταῦτ’
640 1232 693 1319 ἐφ’
713 1230 930 1319 οἷςάλγοῦσιυ
942 1237 976 1300 οί
984 1230 1186 1313 ἀκούοντες·
1209 1232 1277 1319 ὁδ’,

288 1331 373 1411 Ῑνάς
395 1332 521 1421 άφελῆς
541 1335 597 1401 καὶ
620 1339 803 1419 παρρησίας
821 1330 954 1419 μεστός,
977 1330 1018 1399 οὐ
1039 1332 1198 1400 παύεται.
1229 1336 1279 1401 καὶ

327 1441 430 1501 ταῦτα
447 1431 510 1501 οὐκ
521 1428 564 1500 άυ
575 1438 718 1519 ἔγραψα,
741 1438 772 1500 εί
781 1431 826 1519 μὴ
837 1439 969 1519 κινῆσαι
981 1430 1041 1518 τὴν
1051 1435 1091 1499 ἐν
1102 1430 1189 1519 ὑμῖν
1198 1431 1277 1521 μυη-

328 1560 394 1619 μηυ
410 1539 478 1599 τῶν
495 1530 689 1616 προσόντων
701 1530 798 1621 αὐτῷ
813 1539 925 1599 κακῶν
947 1527 1146 1619 ἐβουλόμην.
1182 1529 1276 1617 άγιὶρ

328 1636 432 1698 είπείν
447 1629 491 1697 άν
506 1656 555 1710 τις
567 1628 706 1717 ὀκυήσαι
717 1632 772 1698 καὶ
782 1631 907 1716 γράψαι
919 1626 1093 1716 φυλάξαιτ’
1108 1626 1171 1718 άυ,
1195 1630 1277 1719 οἶμαι

328 1729 364 1796 δὲ
375 1723 439 1795 κάν
449 1726 639 1797 ἀκούσαντα
649 1733 856 1815 δυσχερᾶναι,
867 1736 969 1797 ταῦτα
980 1726 1045 1796 άπὸ
1053 1729 1277 1818 τούτωυμυη-

328 1828 422 1905 σθελς
438 1826 527 1895 οἶδεν
543 1830 679 1907 ἕκαστος
698 1826 795 1914 ὑμῶν
806 1826 911 1895 πολλὰ
922 1830 977 1895 καὶ
989 1828 1083 1895 δεινά
1095 1831 1152 1898 καὶ
1165 1827 1276 1916 αἰσχρά

326 1924 434 2011 τούτῳ
445 1926 649 2012 προσόντα,
652 1926 718 1993 ὥστ
722 1926 818 2013 ἐμοί
823 1954 858 1994 τε
868 1927 971 2013 μηδὲν
980 1924 1158 2008 αυαιδὲςε
1157 1938 1276 2016 ρῆσθαι

326 2023 381 2089 καὶ
392 2030 512 2089 τοῦτου
522 2020 702 2110 ὑπόμνημα
711 2033 779 2092 τολυ
789 2025 908 2092 ἑαυτοῦ
920 2053 1032 2094 κανων
1042 2023 1199 2112 ὀφθέντα
1212 2036 1273 2094 πολ-

327 2139 382 2188 σιν
394 2119 485 2190 εἶναι.
509 2119 680 2209 εὐτυχεῖτε.

780 2442 817 2501 Ε,

519 2604 656 2673 ΠΡΟΣ
675 2605 1076 2676 ΗΡΑΚΛΕΟΛΩΡΟΝ
1138 2672 1140 2676 .

363 2759 639 2814 ΔπαοΣοΕΝΗΣ
653 2764 939 2817 Ηνλπλπουαειιι
958 2766 1011 2816 πυ
1027 2766 1240 2823 HPATTEJN.

319 2896 445 2975 οὐθ’”
426 2924 512 2980 οπως
522 2929 583 2988 χρη
596 2905 763 2972 πιστεύειν
773 2904 852 2985 οἷς’
833 2907 1018 2994 απηγγελλέ
1026 2932 1084 2994 μοι
1096 2911 1275 2996 Μενεκρό

323 3025 380 3085 της
390 2996 498 3066 ουθ
477 3024 567 3078 οπως
586 2995 736 3068 άπιστεῖν
753 3010 825 3089 ἔχω.
860 3011 921 3092 ἔφη
932 3032 996 3091 γαρ
1005 3004 1179 3095 Ἐπίτιμον
1190 3015 1275 3080 ἐυδε-

323 3100 503 3183 δελχθαι
469 3126 530 3185 μευ
549 3126 603 3168 και
592 3098 793 3221 άπηχθαι’
773 3103 838 3170 υπὸ
849 3101 1001 3193 Ἀράτου,
1021 3106 1060 3174 σε
1074 3106 1111 3177 δε
1121 3107 1274 3194 άγωνίζε-

323 3204 403 3261 σθαι
414 3200 469 3264 καὶ
480 3194 637 3266 ἁπάντων
648 3197 737 3289 αὐτην
723 3204 977 3329 χαλεπώτατον
989 3202 1082 3272 εἶναι.
1107 3211 1229 3295 δέομαι
1239 3207 1307 3293 δηἸ4
1294 3208 1322 3265 444

323 3310 386 3355 σου
397 3294 479 3377 πρός
488 3295 570 3375 Διός
581 3303 690 3377 ξενιου
700 3303 755 3368 και
767 3301 902 3369 πάντων
913 3329 979 3370 των
992 3312 1093 3391 θεῶν,
1108 3308 1157 3394 μή
1168 3336 1211 3396 με
1221 3334 1275 3376 να-

297 3392 583 3483 ηταστήσηςάηδεῑ
570 3400 645 3465 ιιαλ
654 3403 750 3466 δειυιο
759 3402 875 3486 μηδενὶ
884 3426 1047 3490 περιπετη
1067 3398 1109 3471 εὖ
1118 3433 1196 3494 γαρ
1194 3419 1274 3490 ἴσθι,

321 3489 419 3573 χωρὶς
434 3500 495 3558 τοῦ
511 3499 622 3579 μελειυ
632 3523 687 3582 μοι
699 3523 756 3583 της
763 3497 929 3585 Ἐπιτίρου
939 3508 1103 3587 σωτηριας
1114 3509 1175 3574 καὶ
1186 3513 1276 3611 νομί-

321 3604 375 3651 σαι
393 3588 578 3675 μεγάλην“
556 3621 599 3661 αυ
616 3596 810 3684 συμφοράν,
835 3607 867 3667 εί
874 3625 904 3667 τι
915 3601 1019 3668 παθοι
1029 3606 1086 3670 καὶ
1098 3608 1226 3675 τούτου
1237 3628 1275 3673 συ

319 3690 486 3768 συναίτιος
503 3699 633 3779 είης,α
612 3696 809 3783 αἰσχύνομαι
826 3724 904 3778 τους
921 3699 1118 3783 συνειδότας
1129 3720 1190 3791 μοι
1201 3732 1274 3783 τους

274 3885 360 3901 *-
