3159 4409
310 487 373 554 194
452 446 454 452 ’
531 471 1034 579 ιιικιιιιοεοαιῖονει
1116 568 1153 582 ,-

268 658 302 712 13
311 651 403 730 λέξας
413 646 445 715 δ’
457 651 586 734 ἔρανον,
598 645 708 732 ῶσπερ
718 642 818 722 αὐτὸς
829 642 910 731 φής,
922 653 1023 714 λῦσαί
1030 673 1096 733 μοι.
1112 645 1259 728 άκούσας

277 782 278 785 “
313 746 345 816 δ’
358 739 454 823 οὗτος
465 748 631 812 ταῦτακαὶ
642 746 813 820 ἐπαινέσας
823 768 864 827 με
874 747 1023 829 ἐκέλευσε
1033 744 1095 831 τήν
1104 753 1259 833 ταχίστην

312 851 447 930 πρᾶξαι,
469 845 548 927 πρὶν
563 842 689 929 ἐξήκειν
706 839 764 920 τάς
779 839 903 927 ἡμέρας
923 845 960 910 ἐν
977 840 1027 922 αἶς
1043 849 1107 930 ἔφη
1130 849 1200 913 δεῖν
1217 846 1261 912 τάΔ

313 945 416 1029 λύτρα
427 951 628 1010 καταθεῖναι.
643 947 758 1025 τίθημι
767 932 829 1007 ούν
837 937 1081 1025 τήνσυνοικίαν
1088 945 1259 1011 ἑκκαίδεκα

313 1050 407 1129 μνῶν
420 1042 607 1124 Ἀρκέσαντι
615 1039 842 1125 Παμβωτάδη,
864 1034 905 1106 ὃν
920 1038 1020 1119 αὐτὸς
1036 1033 1135 1119 ούτος
1152 1040 1259 1128 προύὲ

313 1145 464 1226 ξένησεν,
488 1142 539 1206 ἐπὶ
562 1137 646 1206 ὀκτῶ
665 1136 795 1224 ὀβολοῖς
811 1137 873 1222 τήν
889 1147 977 1223 μνῶν
995 1143 1184 1207 δανείσαντι
1199 1149 1260 1208 τοῦ

313 1236 575 1326 μηνὸςὲκάστου.
598 1235 711 1322 λαβῶν
722 1237 757 1304 δὲ
767 1236 805 1303 τὸ
817 1234 980 1323 άργύριον
990 1235 1050 1323 ούχ
1064 1238 1155 1318 ὅπως
1164 1239 1261 1325 χάριν

313 1338 389 1406 τινά
401 1362 456 1422 μοι
466 1334 667 1404 άποδίδωσιν
679 1327 727 1402 ῶν
746 1327 785 1401 εὖ
796 1339 938 1421 ἔπαθεν,
961 1333 1032 1414 ἀλλ’·
1041 1334 1170 1416 εὐθέως
1186 1341 1261 1406 ἐπε-

314 1435 476 1525 βούλευσέ
503 1461 575 1520 μοι,
602 1432 642 1502 ἵν’
668 1432 902 1518 ἀποστερήσειε
930 1431 1112 1520 τάργύριον
1138 1439 1195 1504 καὶ
1215 1443 1261 1516 είς

314 1542 441 1622 ἔχθραν
460 1540 653 1619 κατασταίη,
676 1535 730 1601 καὶ
751 1529 980 1617 άπορούμενος
1001 1530 1065 1617 ἐγῶ
1082 1547 1150 1612 τοῖς
1174 1534 1261 1620 πρά-

233 1635 256 1711 ]
314 1655 416 1721 γμασι
432 1636 506 1712 νέος
524 1629 572 1700 ῶν
590 1632 657 1700 ὅτι
673 1638 874 1718 χρησαίμην,
896 1631 1095 1714 καίάπειρος
1106 1635 1261 1720 πραγμά-

314 1755 392 1816 των,
399 1732 487 1810 ὅπως
498 1730 541 1818 μή
555 1731 778 1816 εἰσπράττοιμι
786 1727 890 1797 αὐτὸν
900 1728 1082 1814 τάργύριον
1092 1722 1166 1818 ούή
1179 1751 1261 1800 σνν-

271 1849 306 1902 14
316 1837 401 1900 οικία
412 1835 525 1915 ἐτέθη,
551 1828 617 1897 ἀλλ’
631 1826 863 1917 άφείηναύτῶ.
897 1828 1102 1914 πρῶτονμὲν
1115 1822 1261 1898 ούνέπι-
1309 1918 1310 1924 ¹

315 1927 468 2013 βουλεύει
484 1952 540 2011 μοι
551 1923 631 2010 μετά
648 1933 715 1991 τῶν
733 1923 925 2009 άντιδίκων,
948 1928 1003 1993 καί
1020 1933 1130 1994 πίστιν
1146 1925 1260 2006 αὐτοῖς

314 2023 465 2094 δίδωσιν·
488 2022 581 2092 ἔπειτ’
595 2022 737 2108 άγῶνων
752 2049 808 2109 μοι
825 2025 1077 2110 συνεστηκότων
1093 2023 1176 2111 πρὸς
1197 2022 1311 2097 ond-1251

269 2203 276 2220 ι
314 2121 481 2203 τούςτούς
491 2149 525 2190 τε
542 2123 662 2207 λύγους
680 2125 810 2206 ἐκφέρει
825 2148 891 2207 μου
902 2123 1010 2208 είδῶς,
1034 2125 1090 2190 καὶ
1100 2122 1259 2210 ἐγγράφει

313 2228 510 2312 τῶδήμοσίφ
518 2220 1259 2308 άπρόσκλητονέξἐμφανῶνκαταστάσεωςέπι-

313 2319 420 2409 βολήν
438 2322 604 2401 ἑξακοσίας
620 2323 674 2388 καὶ
693 2323 770 2387 δέκα
787 2319 947 2406 δραχμάς,
971 2319 1024 2388 διά
1034 2326 1186 2389 Λυκίδου
1199 2327 1260 2390 τοῦ

313 2428 498 2507 μυλωθροῦ
514 2420 733 2506 ποιησάμενος
749 2420 810 2504 τήν
827 2424 931 2504 δίκην.
965 2427 1111 2505 κλητήρα
1131 2418 1169 2487 δὲ
1189 2417 1257 2488 κατ’

313 2523 397 2604 ἐμοῦ
411 2519 471 2585 τόν
488 2544 523 2585 τε
540 2515 687 2603 άδελφὸν
703 2516 763 2585 τὸν
781 2514 886 2584 αὑτοῦ
906 2514 1122 2598 Ἀρεθούσιον
1134 2525 1260 2586 τούτου

313 2616 537 2702 ἐπιγράφεται,
549 2607 652 2709 οὗπέρ
663 2620 730 2683 ἐστι
741 2614 952 2702 τάνδράποδα
963 2625 1076 2702 ταύτα,
1090 2621 1145 2685 καὶ
1157 2618 1260 2686 άλλον

312 2716 403 2782 τινά·
426 2718 480 2782 καί
491 2713 787 2799 παρεσκευάζοντο,
807 2720 838 2781 εί
847 2712 1085 2801 ἀνακρινοίμην
1096 2714 1181 2783 κατά
1191 2725 1260 2784 τῶν

314 2818 443 2880 οίκείων
453 2819 520 2877 τῶν
531 2808 738 2879 άδικούντων
747 2837 787 2896 με
804 2809 862 2890 τάς
878 2817 969 2891 δίκας
987 2811 1026 2892 άς
1043 2814 1184 2901 εἰλήχειν
1196 2815 1260 2883 αύ-

313 2922 390 2995 τοῖς,
403 2908 610 2983 ἐνδεικνύναι
618 2935 659 2995 με
669 2912 723 2978 καὶ
734 2910 908 2997 ἐμβάλλειν
918 2917 963 2989 είς
974 2911 1010 2979 τὸ
1020 2913 1257 3001 δεσμωτήριον.

269 3018 303 3071 15
313 3013 360 3074 ἔτι
376 3006 416 3073 δὲ,
431 3002 514 3088 πρὸς
529 3007 657 3085 τούτοις
675 3004 692 3075 ὁ
709 3005 922 3094 Ἀρεθούσιος
939 3010 1171 3098 ἀπρόσκλητόν
1192 3038 1259 3098 μου

313 3107 489 3184 ἑξακοσίων
508 3108 561 3173 καί
578 3110 655 3173 δέκα
673 3110 827 3192 δραχμῶν
844 3112 940 3194 δίκην
957 3110 1259 3198 καταδικασάμενος

313 3201 357 3280 ῶς
368 3201 559 3290 ὀφείλοντος
574 3213 621 3293 τῶ
633 3209 793 3295 δημοσίω,
816 3215 978 3293 κλητῆρας
993 3197 1260 3296 ἐπιγραψάμενος
1306 3224 1310 3230 ’

229 3343 231 3346 -
312 3303 367 3367 καί
379 3302 539 3371 είσελθῶν
556 3309 601 3381 είς
617 3301 679 3389 τήν
694 3311 802 3371 οίκίαν
818 3312 874 3392 βία
891 3304 931 3372 τά
948 3305 1048 3392 σκεύη
1062 3305 1172 3374 πάντα
1189 3300 1260 3389 ἐξε-

313 3395 453 3482 φόρησε,
478 3401 578 3468 πλέον
598 3396 620 3486 ή
637 3411 739 3469 είκοσι
760 3410 855 3487 μνῶν
870 3402 958 3489 άξια,
982 3407 1036 3472 καὶ
1053 3401 1127 3472 οὐδ’
1142 3402 1260 3474 ὁτιοῦν
1299 3423 1304 3441 “

312 3497 492 3563 κατέλιπεν.
525 3497 579 3564 ὅτε
590 3499 626 3566 δὲ
643 3510 855 3586 τιμωρεῖσθαι
872 3499 964 3590 ᾤμην
981 3507 1050 3570 δεῖν
1061 3507 1116 3570 καὶ
1127 3507 1259 3585 ἐκτίσας

312 3597 360 3682 τῶ
372 3594 514 3682 δημοσίω
526 3596 563 3662 τὸ
575 3595 707 3683 ὄφλημα
712 3649 722 3682 ,
740 3597 849 3684 ἐπειδή
863 3599 1038 3688 ἐπυθόμην
1046 3599 1109 3686 τήν
1119 3606 1260 3691 ἐπιβου-

295 3780 296 3784 Ὶ
313 3686 392 3775 λήν,
415 3689 564 3776 ἐβάδιζον
580 3696 632 3761 ἐπὶ
648 3693 708 3763 τδν
724 3704 868 3784 κλητῆρα
885 3697 945 3767 τόν
954 3697 1184 3786 ὁμολογοῦντα
1200 3727 1259 3772 κε-
