3159 4409
449 499 484 560 Π
492 500 559 567 ΡΟ
572 497 681 561 OIM
690 497 714 558 I
720 497 1006 568 sim-xxxa.
1143 495 1205 560 ³61

257 660 423 748 ἀγνώμων
434 658 523 744 ὅστις
540 656 583 727 οῦ
594 656 732 743 φήσειεν
743 651 787 723 άν
803 655 932 742 βλάβην
950 654 1033 725 εἶναι
1043 671 1110 736 τοῖς
1120 660 1208 744 πρά-

258 779 390 847 γμασιν.
423 756 535 844 έγώῦ
559 755 649 844 οἶμαι
670 755 811 833 τούτους
828 747 1039 839 μὲυάνείναι
1048 761 1206 843 βελτίους,

260 863 290 926 εί
299 855 360 944 την
370 855 454 943 πρὸς
465 853 587 935 αῦτοῦς
598 857 803 940 φιλονεικίαν
814 854 867 920 έπί
877 849 1209 940 τοῦςτηςπόλεοιςέχ-

261 947 1210 1041 θροῦςτρέφαντεςέδημηγόρουυ·ῦμῖνῦὲπαραινοῦμήσυ-

209 1048 211 1057 ’
260 1053 442 1133 στασιάζειν
452 1053 640 1138 μηδετέροις
650 1048 797 1133 τοῦτον,
814 1047 893 1135 μηδ’
906 1047 996 1129 ὅπως
1005 1047 1118 1137 ἅτεροι
1127 1077 1209 1136 κρα-

259 1153 397 1239 ιη’σουσι
407 1163 554 1235 σκοπεῖν,
561 1144 629 1216 ἀλλ’
643 1146 733 1226 ὅπως
744 1144 837 1243 ὑμεῖς
846 1145 991 1226 άπανιες
1000 1156 1068 1227 τῶν
1079 1151 1210 1234 ἐχθροῖν

259 1252 461 1337 περιέσεσθε.
496 1245 634 1333 εῦχομιιι
647 1245 683 1315 δὲ
698 1259 772 1325 τοῖς,
783 1254 876 1324 θεοῖς
886 1242 965 1324 τοῦς
974 1242 998 1332 ἦ
1007 1255 1210 1332 φιλονεικίας

258 1343 282 1436 η’
292 1351 443 1435 ἐπηρείας
452 1336 475 1432 ἤ
485 1371 575 1425 τινος
585 1344 687 1432 άλλης
699 1345 796 1414 ἕνεκα
808 1349 912 1423 αίτίας
922 1343 1003 1413 άλλο
1020 1373 1067 1432 τι,
1089 1344 1211 1433 πλήνά

259 1444 336 1514 ποθ’
353 1442 513 1533 ἡγοῦνται
529 1447 729 1532 συμφέρειν,
752 1447 911 1530 λέγοντας
932 1444 1142 1512 παύσασθαι·
1171 1442 1208 1512 τό

259 1542 324 1630 γάρ
335 1550 545 1631 καταρᾶσθαι
555 1539 814 1628 συμβουλεῦουτ’
829 1552 907 1622 ῖσυς
925 1539 987 1611 ἔστ’
1000 1541 1134 1611 άτοπον.
1157 1547 1210 1610 υί-

259 1647 434 1728 τιασαίμην
450 1639 511 1726 μὲν
528 1632 592 1708 οῦν
606 1637 698 1725 ἔγωγ’
714 1635 758 1708 άν
774 1637 913 1727 οῦᾶένα,
937 1634 965 1709 ά
982 1639 1101 1730 ἄνδρες
1109 1638 1209 1728 Ἀθη-
1218 1657 1286 1713 1441

203 1740 206 1744 ’
260 1753 359 1825 ναῖοι,
373 1745 433 1806 τοῦ
443 1745 552 1817 κακοῖς
562 1735 872 1827 τάπράγματ’,ἒχειυ
883 1736 951 1808 ἀλλ’
962 1735 985 1826 ἢ
995 1739 1120 1820 πάντας
1130 1739 1210 1807 τοῦ-

261 1863 347 1916 τους.
386 1832 476 1922 οἷμαι
494 1839 531 1904 δὲ
550 1840 621 1904 θεῖν
632 1835 721 1920 παρὰ
732 1838 795 1923 μὲν
805 1836 935 1906 τοῦτον
944 1837 995 1924 ἐφ’
1006 1836 1142 1925 ἡσυχίας
1151 1839 1210 1909 λό-

261 1961 324 2026 γον
341 1933 426 2021 ὑμᾶς
442 1942 573 2022 λαβεῖν,
596 1943 661 2003 νῦν
678 1934 711 2002 δ’
722 1933 807 2023 ὑπὲρ
823 1944 891 2004 τοῖν
907 1937 1100 2023 παρόντων,
1121 1937 1211 2018 ὅπως

262 2040 351 2104 ἔσται
359 2038 487 2123 βελτίω,
499 2047 643 2107 σκοπεῖν.
750 2092 753 2097 .
810 2104 839 2116 ,,

699 2143 766 2204 ΛΒ.

349 2220 551 2317 Ἐβουλόμην
567 2229 633 2318 άν,
663 2225 826 2316 άάνῦρες
844 2227 1031 2320 Ἀθηναῖοι,
1054 2233 1115 2320 τὴν
1135 2242 1212 2319 ῖσην

264 2326 415 2412 σπουδὴν
426 2330 534 2406 ένίους
544 2336 612 2402 τῶν
622 2329 789 2413 λεγόντων
804 2341 973 2399 ποιεῖσθαι
984 2331 1074 2409 ὅπως
1084 2329 1124 2397 τά
1135 2334 1213 2417 βέλ-

263 2423 341 2494 τιστ’
353 2428 488 2511 ἐροῦσιν
516 2423 662 2511 ὅσηνπερ
673 2423 764 2504 ὅπως
777 2419 818 2492 εὖ
829 2425 963 2504 δόξουσι
973 2431 1090 2511 λέγειν,
1098 2423 1137 2493 ἶν’
1152 2416 1213 2492 οῦ-

263 2551 314 2595 τοι
323 2525 384 2611 μὲν
399 2520 473 2591 άντί
486 2530 547 2591 τοῦ
559 2525 661 2592 δεινοὶ
678 2525 788 2609 λέγειν
805 2526 953 2602 ἐπαινεῖς
969 2527 1154 2609 ένομιζοντο
1166 2521 1213 2590 εί-

263 2652 328 2710 νυι,
340 2621 380 2692 τά
392 2621 424 2691 θ’
436 2619 586 2710 ὑμέτερα,
600 2621 710 2707 ὥσπερ
722 2625 792 2704 ἐστὶ,
800 2629 980 2710 προσῆκον,
997 2625 1128 2709 βέλτιον
1139 2620 1212 2707 εἶχε.

262 2731 328 2791 νῦν
341 2721 372 2791 θ’
387 2729 470 2792 ἔνιοί
485 2749 541 2809 μοι
560 2728 698 2792 θολοῦσι
714 2722 905 2791 παντάπασι
918 2723 981 2808 τὴν
997 2718 1063 2788 άπὸ
1081 2726 1142 2789 τοῦ
1153 2719 1213 2787 λό-
1253 2753 1255 2758 ·

263 2849 327 2907 γον
338 2823 436 2904 δόξαν
446 2820 651 2910 ἠγαπηκότες
667 2828 736 2890 τῶν
745 2818 826 2909 μετὰ
837 2828 940 2889 ταῦτα
951 2822 1213 2907 συμβησομένων

264 2915 344 3003 ὑμῖν
360 2919 458 2989 οὐδέν
479 2924 674 3008 φροντίζειν.
710 2923 766 2990 καί
783 2925 865 3007 θῆτα
883 2920 1060 3007 θαυμάζω,
1088 2917 1212 3003 πότερά

265 3014 342 3084 ποθ’
356 3021 389 3084 οί
404 3028 549 3087 τοιοῦτοι
564 3020 659 3105 λόγοι
677 3018 737 3088 τὸν
746 3018 877 3106 λέγονθ’
891 3018 1012 3106 ὁμοίως
1023 3017 1213 3104 πεφύκασιν

265 3118 428 3195 ἐξαπατᾶν
445 3116 556 3204 ὥσπερ
572 3115 655 3204 πρὸς
672 3115 731 3199 οῦς
753 3114 798 3186 άν
813 3123 988 3203 λέγωνται,
1007 3112 1030 3202 ἦ
1047 3121 1213 3194 συνιέντες

266 3205 358 3282 οῦτοι
369 3210 526 3282 τάναντία
541 3230 610 3295 τοῖς
622 3219 781 3286 δοκοῦσιν
792 3221 919 3296 ἑαυτοῖς
937 3215 1020 3283 εἶναι
1035 3221 1213 3300 βελτίστοις

265 3316 521 3399 δημηγοροῦσιν.
543 3319 573 3382 εί
581 3313 714 3402 μὲνγὰρ
726 3314 910 3401 ἀγνοοῦσιν
921 3311 972 3381 ὅτι
982 3313 1042 3379 τῦν
1052 3314 1213 3397 μέλλοντα

264 3409 455 3495 πράξαντά
472 3414 593 3496 Ιθέοντα
610 3411 674 3482 οῦκ
690 3415 743 3481 έπλ
761 3418 829 3480 τῶν
840 3411 952 3496 λόγων
968 3407 1118 3495 θρασῦν,
1141 3405 1211 3479 ἀλλ’

264 3511 316 3576 ἐπὶ
326 3518 383 3595 της
394 3519 602 3599 παρασκευῆς
610 3508 748 3597 ίσηυρόυ
759 3507 843 3578 εἶναι
853 3513 912 3594 δεῖ,
925 3505 999 3576 οὐδ’
1013 3510 1065 3575 έπλ
1076 3514 1123 3597 τῷ
1134 3503 1213 3583 τοῦς

263 3605 406 3691 έχθροῦς
424 3606 468 3693 μὴ
481 3609 687 3696 δυνήσεσθαι
698 3617 849 3694 θαρρεῖν,
875 3605 942 3675 ἀλλ’
956 3607 1008 3675 έπλ
1018 3613 1065 3691 ιςῦ
1075 3601 1213 3673 κάνῦῦ-

264 3730 386 3772 νωυται
397 3713 571 3794 κρατῆσαι,
590 3704 631 3774 τά
643 3714 710 3774 τοῖν
720 3704 969 3793 λόγον-οἷστεῖα,
982 3701 1027 3784 ῦς
1037 3711 1139 3788 ἔοικε,
1152 3699 1213 3770 τοῦ
