3159 4409
294 489 358 554 382
551 481 996 566 [ΔΗΜΟΣΘΕΝΟΤΣ]

293 648 450 734 τοιαύτην
467 645 548 731 πρός
565 632 642 723 τούς
659 651 900 731 θορυβοῦντας.
936 642 977 711 ού
998 643 1065 730 μήν
1087 642 1163 712 ἀλλ’
1185 642 1245 714 ἐάν

294 746 471 831 ἐθελήσητε
483 742 624 812 άκοῦσαι
633 751 708 831 σιγή
716 745 770 811 καὶ
778 748 984 828 περιμείνητε
993 742 1242 830 πάνταμαθεῑν,

293 843 400 932 οἶμαι,
425 842 470 926 τός
506 840 679 921 σύνθεσίς
696 847 864 928 εἰρῆσθαι,
887 849 1003 927 καίπερ
1014 845 1166 928 βραχέων
1178 850 1244 910 τῶν

293 945 530 1030 γεγραμμένων
541 940 658 1025 όντων,
670 937 770 1018 αύτός
779 964 815 1007 τε
825 939 1037 1025 φανήσεσθαι
1046 939 1128 1025 μετά
1140 938 1244 1026 πάσης

296 1039 427 1119 εὐνοίας
444 1038 483 1107 τά
504 1044 620 1108 δέοντα
637 1040 711 1126 περὶ
727 1037 823 1123 ὑμῶν
834 1037 986 1122 πράττων
997 1040 1052 1105 καί
1063 1037 1103 1106 τά
1115 1041 1244 1125 συμφέ-

250 1136 395 1225 Ῑςρονθ’
420 1134 499 1224 ὑμῖν
520 1134 650 1224 ἐμφανῆ
670 1142 795 1217 δείξειν.
829 1134 890 1221 ούχ
912 1133 957 1215 οδς
972 1133 1195 1221 ἀπορούντων
1212 1138 1245 1216 δέ

296 1238 394 1325 ὑμῶν
412 1238 579 1326 ῥητόρων,
602 1235 681 1306 οὐδὲ
696 1244 764 1304 τοῖν
778 1234 863 1302 άνευ
880 1242 1042 1320 λογισμοῦ
1052 1237 1175 1324 ῥηιδίως
1186 1232 1208 1301 ό
1216 1261 1245 1301 τι

297 1334 341 1405 άν
357 1338 501 1424 τύχωσιν
519 1337 702 1422 ἐρούντων,
724 1338 817 1414 ἔδοξέ
828 1359 884 1419 μοι
902 1331 964 1419 τήν
974 1331 1152 1418 ἐπιστολήν
1162 1334 1244 1418 πέμ

297 1460 387 1504 πειν·
410 1433 483 1503 ἀλλ’
505 1434 567 1503 όσα
578 1434 731 1520 τυγχάνω
742 1432 787 1501 δι’
800 1436 969 1518 ἐμπειρίαν
979 1433 1035 1500 καὶ
1045 1429 1083 1498 τό
1095 1456 1244 1521 παρηκο-

296 1538 498 1622 λονθηκέναι
514 1545 582 1614 τοῖς
597 1534 787 1621 πράγμασιν
804 1529 913 1617 είδύς,
934 1527 1029 1598 ταῦτ’
1051 1529 1244 1616 ἐβουλήθην

295 1649 363 1713 τοϊς
373 1634 434 1719 μὲν
442 1636 716 1720 προαιρουμένοις
725 1633 834 1716 λέγειν
843 1634 973 1715 ἐμφανῆ
982 1627 1123 1714 ποιήσας
1133 1625 1245 1712 ἀφθό-
1252 1636 1295 1692 Ιλο

297 1757 377 1810 νους
384 1729 535 1818 ἀφορμάς
542 1724 594 1799 οἶν
602 1729 826 1816 ὑπολαμβάνω
834 1730 1015 1812 συμφέρειν
1024 1724 1105 1812 ὑμῖν
1115 1731 1243 1814 δοῦναι,

296 1842 364 1907 τοῖς
379 1833 415 1896 δὲ
431 1838 564 1910 πολλοῖς
581 1827 847 1918 βαδίαντήντοίν
858 1832 1035 1918 βελτίστων
1046 1830 1175 1916 αἵρεσιν
1185 1859 1245 1900 κα-

296 1936 460 2014 ταστήσαι.
474 1919 531 1995 όν
542 1932 603 2012 μὲν
613 1920 675 1994 ούν
688 1929 784 2000 ἕνεκα
795 1932 923 2015 ἐπῆλθέ
930 1953 986 2015 μοι
995 1924 1058 2016 τήν
1069 1929 1245 2018 ἐπιστολήν

296 2025 454 2112 γράφείν,
471 2023 566 2094 ταῦτ’
578 2028 653 2095 ἐστι.

271 2137 290 2190 θ
379 2132 445 2192 Aac
462 2123 495 2192 δ’
517 2121 617 2211 ὑμᾶς,
640 2118 805 2213 ω’·άνδρες
821 2125 1007 2215 Ἀθηναῖοι,
1029 2133 1245 2217 πρῶτονμὲν

297 2221 454 2293 ἁπάντων
465 2223 547 2309 πρός
559 2221 645 2311 ὑμᾶς
655 2223 776 2305 αύτούς
784 2223 944 2313 ὁμόνοιαν
954 2234 999 2306 είς
1007 2227 1043 2296 τό
1053 2239 1151 2318 κοινή
1160 2252 1246 2318 συμ-

300 2325 405 2409 φέρον
423 2330 462 2410 τῇ
474 2324 568 2391 πόλει
584 2327 811 2410 παρασχέσθαι
822 2329 877 2395 καὶ
887 2328 944 2406 τάς
954 2333 991 2396 ἐκ
1002 2335 1070 2397 τῶν
1082 2330 1245 2416 πρότερον

298 2425 480 2509 ἐκκλησιῶν
497 2420 754 2511 ἀμφισβητήσεις
770 2430 880 2512 ἐάσαι,
904 2427 1062 2511 δεύτερον
1073 2430 1108 2497 δὲ
1121 2428 1245 2508 πάντας

298 2524 334 2587 ἐκ
354 2529 430 2607 μιᾶς
449 2523 582 2608 γνώμης
603 2537 670 2602 τοῖς
694 2523 807 2604 δόξασι
823 2526 1005 2611 προθύμως
1023 2535 1245 2614 σνναγωνιξε-

299 2628 393 2686 σθαι·
418 2616 461 2698 ὡς
477 2618 514 2686 τό
532 2623 613 2707 μηδὲ
633 2625 670 2689 ἓν
687 2620 799 2702 ἁπλῶς
814 2625 969 2709 πράττειν
985 2623 1027 2692 ού
1037 2626 1146 2712 μόνον
1156 2630 1245 2696 ἐστὶν

298 2716 433 2797 άνάξιον
450 2719 546 2805 ὑμῶν
562 2723 616 2788 καὶ
633 2719 782 2806 άγεννὲς,
805 2720 888 2791 άλλά
905 2725 960 2791 καὶ
975 2724 1052 2803 τούς
1071 2735 1245 2812 μεγίστους

271 2816 558 2904 6κινδύνουςέχει.
581 2820 674 2889 δεῖδὲ
684 2821 766 2907 μηδὲ
777 2828 880 2889 ταῦτα
890 2831 1008 2890 λαθεῖν
1018 2821 1104 2909 ύμοῖς
1123 2824 1146 2892 δι’
1163 2823 1243 2893 καθ’

298 2913 381 2983 αὑτά
409 2917 469 3001 μὲν
495 2914 557 2984 ούκ
584 2923 673 2986 ἐστιν
694 2917 840 3006 αύτάρκη
862 2925 1034 3008 κατασχεῖν
1057 2924 1243 3011 πράγματα,

297 3017 524 3102 προστεθέντα
541 3016 577 3084 δὲ
591 3031 664 3095 ’ταῖς
682 3019 844 3105 δυνάμεσι
853 3028 964 3111 πολλῷ
974 3021 1071 3089 πάντ’
1080 3022 1244 3107 ἐύκατερ-

297 3115 477 3200 γαστότερα
495 3113 575 3201 ὑμίν
590 3115 725 3202 ποιήσει.
758 3127 833 3186 τίνα
854 3107 918 3187 σύν
938 3122 1005 3188 ἐστι
1024 3128 1143 3201 ταύτας
1163 3124 1244 3210 μήτε

298 3212 392 3279 πόλει
407 3217 550 3301 μηδεμιᾷ
565 3215 644 3301 μήτε
660 3222 729 3284 τῶν
744 3219 780 3283 ἐν
791 3217 911 3306 ἑκάστη
920 3225 987 3286 των
998 3218 1128 3288 πόλεων
1140 3241 1244 3309 σννη-

297 3313 511 3396 γωνισμένων
525 3326 594 3391 τοῖς
610 3316 831 3401 καθεστηκόσι
848 3319 963 3403 μηδενὶ
979 3319 1060 3405 μήτε
1072 3329 1245 3406 πικραίνε-

271 3414 378 3473 7σθαι
396 3410 475 3494 μήτε
493 3427 716 3497 μνησικακεῖν.
746 3411 849 3500 ὁγὰρ
869 3424 1017 3495 τοιοῦτος
1037 3418 1145 3504 φόβος
1166 3419 1245 3498 τούς

299 3509 488 3588 συνειδότας
510 3509 636 3597 αὐτοῖς,
661 3509 704 3591 ὡς
724 3511 913 3598 άναγκαίοις
929 3531 996 3595 τοίς
1014 3519 1244 3606 σννεστηκόσι,

298 3607 457 3672 κίνδυνον
474 3614 584 3694 έχουσι
600 3611 770 3698 πρόδηλον
786 3615 984 3701 προθύμους
994 3618 1244 3701 συναγωνιστὰς

298 3717 398 3772 ποιεί·
418 3700 598 3790 άφεθέντες
615 3713 651 3779 δὲ
660 3717 721 3778 τοῦ
732 3714 829 3791 δέους
838 3712 960 3780 τούτου
971 3713 1090 3795 πάντες
1100 3713 1244 3803 ήπιιότεσ
