3159 4409
310 500 371 564 288
513 505 577 561 ux.
606 500 1047 579 [ΔΗΜΟΣΘΕΝΟῬΣ]

287 647 296 655 ’
310 661 386 728 νυνὶ
396 666 592 744 Σπίνθαρος
602 659 675 744 παρ’
688 658 794 727 αὐτοῦ
803 659 942 745 έάνηται
952 661 1032 728 ἑπτά
1042 667 1153 746 μνῶν,
1169 659 1252 728 ὥστε

310 758 331 844 ή
349 758 410 843 μὲν
425 754 619 843 ὑπάρχουσα
637 757 802 846 Στεφάνῳ
823 755 920 824 οὐσία
940 756 1024 845 αὕτη
1041 751 1085 845 ήν
1101 761 1156 826 καὶ
1173 757 1251 827 άλλο

311 854 419 924 οὐδέν.
454 861 551 924 δνοῑν
565 854 597 923 δ’
608 847 822 943 ένεκαήλθεν
833 853 1047 944 ἕχοιναύτήυ,
1070 852 1114 935 ὡς
1130 860 1163 937 ἐξ
1180 856 1253 924 άτε-

309 961 397 1034 λείας
407 981 442 1023 τε
458 957 541 1035 ἕξων
557 953 663 1040 καλήν
678 957 811 1040 ἑταίραν
827 957 882 1022 καὶ
899 953 939 1023 τά
955 955 1120 1043 ἐπιτήδεια
1130 955 1253 1042 ταύτην
1305 1029 1306 1032 ¹

309 1057 533 1140 ἐργασομένην
553 1056 608 1121 καὶ
624 1056 820 1137 θρέψουσαν
836 1051 898 1139 τήν
914 1059 1037 1121 οἰκίαν·
1072 1051 1114 1121 06
1131 1052 1196 1141 γάρ
1213 1047 1252 1140 ήν

310 1150 401 1242 αὐτῷ
411 1151 492 1239 άλλη
504 1152 683 1238 πρόσοδος,
705 1151 765 1220 ὅτι
777 1150 821 1239 μή
834 1151 1088 1238 συκοφαντήσας
1107 1150 1249 1238 τιλάβοι.

267 1251 501 1337 ςρπυθόμενος
512 1249 579 1319 δὲ’
565 1257 754 1335 οΦρυνιων
770 1254 997 1337 ἐπιδημοῦσαν
1013 1248 1117 1338 αὐτήν
1128 1253 1184 1318 καὶ
1195 1243 1252 1317 οὖ·

309 1369 372 1416 σαν
383 1350 468 1434 παρὰ
482 1350 587 1438 τοάτφ
595 1347 827 1444 ,παραλαβών
843 1354 1039 1426 νεανίσκους
1048 1345 1152 1434 μεθ’
1134 1354 1253 1416 εαυτοῦ

309 1474 364 1515 και
353 1437 487 1515 έλθάν
501 1450 541 1515 ἐπ
518 1445 700 1536 πτήνλκ
648 1453 700 1517 οἰκ
702 1446 802 1516 ίαν
766 1474 828 1534 την
838 1472 898 1515 του
884 1447 1088 1564 Στεφάνρυ
1099 1438 1191 1564 ήγεν
1192 1444 1253 1512 αὐ-

309 1545 379 1631 τήν.
409 1543 661 1651 ἀφαιρουμένου
676 1545 711 1614 δε
722 1571 783 1614 του
768 1543 974 1631 Στεφάνου
983 1570 1066 1612 κατα
1077 1570 1139 1612 τον
1150 1543 1253 1628 νόμον

309 1650 356 1722 εἰς
367 1647 560 1731 ἐλευθερίαν
577 1645 805 1731 κατηγγύησεν
824 1640 931 1729 αυτήν
942 1667 1024 1729 προς
1034 1669 1079 1732 τφ
1067 1641 1268 1728 πολεμάρ-’

309 1767 364 1828 χφ.
398 1739 507 1820 καλάς
519 1740 629 1828 άληθή
642 1748 743 1828 λέγω,
762 1742 890 1810 τούτων
900 1739 1004 1809 αὐτὸν
1013 1741 1167 1827 μάρτυρα
1177 1736 1253 1825 ὑμῖν

308 1837 369 1905 τὸν
377 1840 451 1907 τότε
462 1845 667 1928 πολέμαρχον
677 1843 863 1927 παρέξομαι.
892 1847 951 1908 καί
957 1865 1013 1926 μοι
1023 1839 1116 1907 κάλει
1129 1838 1253 1924 Αἰήτην

302 1937 498 2023 ’Κειριάδην

664 2060 904 2121 ἫΑΝῬΡΙΑ

394 2165 518 2250 [Αἰήτης
541 2173 697 2254 Κειριάδης
722 2179 868 2284 μαρτυρεῖ
887 2176 1157 2278 πολεμαρχοῦντρς
1165 2163 1252 2232 αυτοῦ

353 2260 590 2336 κατεγγυηθηναι
597 2258 768 2359 Νέαιραν
738 2281 793 2360 την
803 2282 871 2320 νυνι
862 2249 1117 2354 αγανιζομενην
1103 2247 1161 2317 υπὸ
1174 2261 1252 2336 Φρυ-

351 2340 456 2413 νίωνος
473 2362 524 2402 τον
512 2339 730 2444 Δημοχάρους
742 2335 887 2442 άδελφοῦ,
906 2365 957 2402 και
947 2332 1107 2421 ἐγγυητάς
1117 2339 1254 2441 γενέσθαι

352 2425 480 2524 Νεαίρας
491 2424 645 2503 Στέφανον
653 2419 816 2508 Ἐροιάδην,
832 2424 999 2505 Γλαυκέτην
1012 2424 1169 2503 Κηφισιέα,
1177 2415 1253 2505 Ἀρι-

244 2509 257 2517 ”
351 2503 513 2587 στοκράτην
526 2510 682 2591 Φαληρέα]

266 2664 300 2717 41
392 2640 637 2760 Διεγγνηθεισα
659 2632 721 2702 δ’
701 2659 767 2701 οπο
757 2633 959 2720 Στεφανον
983 2635 1038 2700 καλ
1059 2625 1144 2700 ουσα
1166 2628 1252 2717 παρά

309 2730 416 2819 τούτῳ
428 2731 489 2818 τήν
504 2737 564 2819 μὲν
587 2730 694 2854 αήτήν
710 2727 866 2820 ἐργασίαν
883 2724 1014 2800 οὐδὲν
992 2728 1124 2819 ηττονή
1135 2731 1253 2817 πρότε-

309 2855 371 2916 ρον
383 2796 554 2917 έδργάζετο,
567 2831 644 2910 τούς
655 2834 691 2899 δέ
702 2830 845 2918 μισθοὺς
855 2837 982 2918 μείζους
991 2823 1165 2915 ἐπράττετο
1176 2827 1254 2908 τούς
1262 2839 1307 2898 135(

308 2929 638 3018 βουλομένουςαύτῇ
659 2931 861 3017 πλησιάζειν,
889 2929 933 3009 οἱς
953 2932 1006 2998 ἐπὶ
1026 2930 1254 3016 προσχήματος

308 3025 371 3112 ήδη
382 3026 470 3107 τινὸς
482 3023 566 3097 οὖσα
577 3033 631 3098 καὶ
642 3028 737 3115 άνδρλ
752 3038 965 3099 συνοικοῦσα.
998 3029 1253 3114 συνεσυκοφάν-

307 3150 355 3192 τει
365 3127 400 3194 δε
411 3129 466 3195 και
477 3119 629 3213 οὗτος,ε
631 3139 726 3199 λτινα
738 3129 863 3210 ξένον’
844 3137 975 3253 αγγῶτα
986 3129 1147 3197 πλονσιον
1157 3130 1252 3216 λάβοι

308 3223 505 3310 ἑραστην’
464 3235 580 3312 αυτής,
604 3226 648 3307 άς
664 3230 779 3349 μοιχὸν
797 3229 846 3297 ἐπ’
859 3228 941 3317 αὐτη
929 3234 1058 3297 ἔνδον
1067 3226 1253 3297 αποκλειων

266 3320 392 3392 ςοκαὶ’
372 3324 534 3443 αργύριον
550 3327 772 3413 πραττόμενος
788 3327 928 3413 πολύ,ε
913 3311 1060 3407 ελκοτως·
1082 3327 1181 3396 οὐσία
1192 3353 1253 3414 μεν

307 3418 371 3541 γάρ
383 3417 443 3504 οὐχ
456 3418 580 3509 ὑπῆρχε
591 3427 772 3517 Στεφάνῳ,
784 3424 862 3494 οὐδε
873 3426 1057 3514 Νεαίρη,“
1030 3447 1112 3494 ωστε
1123 3455 1163 3494 τα
1151 3423 1250 3495 καθ’

307 3513 432 3602 ἡμέραν
443 3517 640 3643 άναλάματα
654 3523 853 3592 δυνασθαι
834 3529 1025 3610 νποφέρειν,
1043 3554 1063 3612 η
1051 3524 1111 3593 δὲ
1125 3529 1251 3612 διοίκη-

308 3635 357 3692 σις
369 3617 487 3703 συχνή,
505 3617 604 3689 ὁπότε
616 3627 683 3691 δέοι
692 3625 814 3692 τοῦτόν
824 3651 858 3690 τε
869 3626 923 3691 και
934 3623 1040 3745 αὐτήν
1050 3629 1185 3710 τρέφειν
1196 3625 1250 3692 καλ

307 3715 463 3800 παιδάρια
478 3717 613 3805 τρία,“
591 3749 611 3787 α
629 3715 735 3807 ήλθεν
751 3719 906 3809 έχουσα’
883 3749 926 3802 οις
937 3721 1057 3808 αὐτὸν,
1079 3750 1134 3792 και
1123 3727 1251 3809 θερα-
