3159 4409
310 475 375 544 214
535 481 589 539 LV.
624 476 1040 538 ΔΗΜΟΣΘΕΝΟῬΣ

311 632 354 726 ἦν
365 642 519 726 δυσχερὲς
529 636 611 722 πρὸς
621 633 802 722 ἀλλήλους,
824 634 1260 724 ελδύλιγύρησεκαλσνν-

312 740 370 826 ἐβη
381 765 413 806 τι
422 745 593 823 τοιοῦτον,
604 737 768 823 μάρτυσιν
780 733 861 820 εἶχες
870 751 938 816 τοῖς
948 737 1021 804 τότε
1031 741 1259 821 παραγενομέ-

286 852 382 916 6νοις
396 844 550 924 χρῆσθαι.
584 837 639 902 καὶ
656 833 697 920 νὴ
708 831 765 900 Δί’
780 837 938 914 ἐπιδεῖξαί
951 854 989 902 σε
1006 840 1073 901 ἔδει
1083 843 1186 902 πᾶσιν
1195 832 1258 902 άν-

310 932 460 1019 θρώποις
469 932 639 1020 χαράδραν
651 924 767 1015 οὖσαν,
778 935 835 998 ἵνα
845 932 889 1018 μὴ
901 933 989 1020 λόγφ
1000 934 1106 1025 μόνον
1113 983 1123 1018 ,
1146 931 1258 1017 ὥσπερ

311 1041 392 1118 νῦν,
414 1031 481 1101 ἀλλ’
494 1038 579 1121 ἐργφ
590 1030 649 1098 τὸν
666 1027 773 1116 πατέρ’
787 1027 956 1098 ἀδικοῦντ’
969 1029 1157 1117 ἀπέφαινες.
1179 1032 1259 1099 τού-

311 1159 379 1200 των
388 1138 503 1199 τοίνυν
514 1129 614 1199 ούδὲυ
622 1127 745 1197 πώποτ’
754 1127 1129 1217 ούδελςποιεῖνῆξίασεν.
1146 1129 1257 1216 ούγάρ
1287 1191 1292 1199 ,

249 1220 252 1227 ’
313 1226 356 1298 δν
367 1227 438 1298 οὔτ’
451 1229 586 1316 ἐρήμην,
595 1228 705 1314 ὥσπερ
717 1232 800 1315 ἐμοῦ
810 1235 886 1315 νῦν,
897 1229 1258 1319 κατεδιῃτήσασθε,ού
1290 1239 1295 1254 “

213 1396 218 1403 .
312 1356 347 1398 τε
363 1331 465 1398 πλέον
484 1324 526 1397 άν
546 1322 592 1416 ἦν
608 1326 688 1414 ύμῖν
711 1337 982 1413 συκοφαντοῦσιν
1002 1328 1118 1416 οὐδὲν,
1141 1327 1210 1398 ἄλλ’
1230 1335 1260 1397 ελ
1295 1381 1297 1386 -

286 1427 469 1517 Ὶήνέγκατε
479 1428 553 1498 τότε
563 1429 715 1516 μάρτυρα
727 1430 781 1497 καὶ
794 1428 1081 1515 ἐπεμαρτύρασθε,
1098 1436 1165 1496 νῦν
1177 1426 1259 1496 άπέ-

312 1556 433 1615 φαινεν
449 1527 493 1598 άν
508 1532 633 1609 ἐκεῖνος
650 1525 747 1609 ελδύς
763 1526 908 1615 ἀκριβῶς
925 1525 1014 1606 ὅπως
1034 1525 1119 1613 εἶχεν
1137 1528 1258 1595 ἕκαστα

311 1629 455 1715 τούτων,
477 1627 627 1708 καὶτοὺς
644 1633 765 1718 ῥᾳδίως
774 1629 914 1705 τούτους
925 1633 1175 1713 μαρτυροῦντας
1186 1627 1259 1712 ἐξή-

311 1736 433 1812 λεγχεν.
467 1727 652 1811 άνθράπου
663 1726 707 1811 δ’,
721 1726 827 1812 οἶμαι,
847 1724 1259 1813 τηλικούτουκαλάπείρον

312 1833 380 1893 τῶν
391 1828 593 1912 πραγμάτων
605 1826 747 1903 ἅπαντες
757 1825 1073 1911 καταπεφρονήκατέ
1080 1851 1155 1911 μου.
1189 1822 1256 1892 ἀλλ’

313 1923 376 2009 ἐγώ
388 1924 470 2011 πρδς
482 1925 630 2005 ἅπαντας
641 1926 796 2010 τούτους,
821 1917 848 1991 εδ
864 1923 982 2008 άνδρες
993 1921 1179 2010 Ἀθηναῖοι,
1201 1923 1259 2004 τάς

313 2020 426 2090 αύτεῦν
436 2024 567 2108 πράξεις
577 2024 791 2109 ἰσχυροτάτας
802 2030 981 2109 μαρτυρίας
991 2029 1181 2112 παρέχομαι.
1205 2020 1259 2091 διὰ

312 2128 347 2189 τί
352 2121 417 2208 γάρ
430 2121 537 2203 οὐδεὶς
547 2122 614 2190 οὔτ’
624 2116 873 2207 ,ἐπεμαρτύρατο
886 2120 952 2189 οὔτ’
965 2122 1172 2208 ἐνεκάλεσεν,
1191 2121 1258 2190 ἀλλ’

313 2218 387 2288 οὐδ’
399 2225 562 2308 ἐμέμψατο
575 2222 724 2309 πώποτε,
736 2218 806 2289 ἀλλ’
817 2220 946 2307 ἐξήρκει
956 2218 1049 2288 ταῦτ’
1063 2217 1176 2300 αὐτοῖς
1185 2218 1260 2307 ἠδι-

311 2325 648 2408 κημένοιςπεριοράυς
1078 2390 1082 2397 .

284 2437 303 2492 8
390 2417 469 2506 Ἐγώ
491 2428 606 2489 τοίνυν
629 2418 727 2488 ἱκανά
748 2418 810 2506 μὲν
833 2415 978 2505 ἡγοῦμαι
998 2419 1053 2486 καὶ
1075 2415 1164 2485 ταῦτ’
1176 2416 1320 2486 εἷναιὶϊλλ

311 2514 394 2601 πρὸς
403 2517 465 2603 τὴν
475 2519 603 2587 τούτων
613 2525 824 2605 κατηγορίαν.
854 2521 911 2585 ἵνα
923 2516 953 2584 δ’
966 2521 1089 2602 εἰδῆτε,
1103 2510 1260 2601 άάνδρες

306 2614 487 2703 Ἀθηναῖοι,
499 2621 554 2685 καὶ
564 2622 716 2702 περὶτῶν
727 2614 856 2700 άλλων,
868 2613 912 2695 ὡς
922 2613 999 2683 οὔθ’
1011 2613 1029 2681 ὁ
1042 2613 1148 2702 πατὴρ
1160 2614 1260 2684 οὐδὲν

310 2711 415 2800 ἠδίκει
426 2721 688 2803 περιοικοδομεῖν
703 2713 741 2785 τό
756 2723 878 2801 χωρίον
889 2707 983 2782 οὗτοί
992 2741 1026 2782 τε
1037 2716 1260 2803 κατεψευσμέ-

311 2838 365 2880 νοι
379 2813 477 2880 πάντ’
490 2815 573 2882 εἰσὶν
584 2812 695 2900 ἡμῶν,
717 2818 765 2881 ἔτι
781 2816 987 2899 σαφέστερον
999 2809 1085 2899 ύμοῖς
1101 2813 1260 2895 πειράσο-

312 2937 370 2997 μαι
382 2912 559 2978 διδάσκειν.
582 2912 618 2979 τδ
629 2910 759 2999 μὲνγὰρ
770 2920 894 2997 χωρίου
904 2909 1110 2998 ὁμολογεῖται
1120 2915 1175 2980 καὶ
1185 2911 1259 2997 παρ’

284 3025 301 3080 9
312 3007 424 3076 αῦτάυ
434 3009 564 3078 τούτων
573 3007 734 3096 ἡμέτερον
746 3014 833 3078 ἴδιον
845 3009 943 3077 εἶναι·
965 3011 1087 3078 τούτου
1105 3009 1138 3081 δ’
1150 3009 1261 3095 ὑπάρ-

310 3133 442 3193 χοντος,
467 3102 494 3177 ὦ
514 3108 830 3197 άνδρεςἏθιγυαῑοι,
851 3110 990 3195 μάλιστα
1006 3109 1067 3195 μὲν
1086 3108 1194 3198 ᾔδειτε
1213 3105 1258 3177 άυ

311 3206 440 3286 ἰδόντες
452 3209 488 3276 τὰ
500 3215 623 3293 χωρίον
633 3207 683 3276 ὅτι
695 3214 978 3294 συκοφαντοῦμαι.
1003 3206 1053 3275 διὸ
1065 3209 1199 3286 καὶτοῖς
1209 3213 1258 3301 ελ

311 3301 407 3370 δόσιν
417 3308 602 3390 ἐπιτρέπειν
613 3306 800 3393 ἐβουλόμην
812 3303 893 3392 ἐγώ,
911 3320 978 3384 τοῖς
990 3316 1080 3385 ἴσοις.
1116 3304 1185 3375 ἀλλ’
1196 3305 1258 3393 οὐχ

310 3390 418 3486 οὗτοι,
426 3405 578 3488 καθάπερ
590 3410 666 3472 νυνὶ
677 3407 786 3490 λέγειν
797 3409 1010 3491 ἐπιχειροῦσι·
1022 3410 1125 3491 δῆλον
1137 3403 1168 3471 δ’
1178 3403 1259 3491 ῦμλυ

309 3498 365 3565 καλ
376 3496 461 3565 τοῦτ’
478 3500 580 3570 αὐτίκ’
594 3510 806 3573 ἒσταιπάσιν.
838 3502 921 3571 άλλά
939 3505 1128 3589 προσέχετε,
1151 3496 1179 3572 ά
1196 3502 1259 3571 άν-

268 3613 301 3666 10
310 3601 384 3681 δρες
392 3594 572 3686 Ἀθηναῖοι,
584 3601 759 3686 πρδςΛιός
769 3606 824 3671 καὶ
834 3609 927 3669 θεῶν
936 3600 997 3669 τδν
1007 3610 1100 3670 νοῦν.
1121 3611 1185 3670 τοῦ
1193 3600 1258 3688 γάρ

307 3701 430 3778 χωρίου
440 3693 535 3762 τοῦτ’
545 3700 627 3784 ἐμοῦ
637 3701 691 3772 καὶ
703 3708 762 3768 τοῦ
771 3700 900 3769 τούτων
909 3698 946 3768 τδ
959 3705 1061 3789 μέσον
1071 3699 1149 3780 ὁδός
1158 3705 1257 3788 ἐστιν,
