3159 4409
536 481 994 589 ΚΑΤΑΙΣΤΕΦΑΝΟῬ
1012 489 1052 549 Α.
1219 488 1262 554 87

268 700 274 710 .
310 642 366 710 καλ
392 643 468 726 περὶ
487 644 709 727 Πασικλέους,
736 644 1023 731 παραιτησάμενος
1049 650 1104 716 καλ
1130 653 1262 737 δεηθεὶς

296 736 407 826 ,ὑμῶν
418 740 621 827 συγγνώμην
630 745 725 828 ἔχειν,
738 748 769 811 εί
776 742 1016 830 προεληλυθάς
1026 752 1072 825 είς
1082 755 1179 816 τοῦτο
1192 748 1260 817 εύσ-

308 863 344 906 τε
354 836 422 906 ὑπὸ
434 848 503 908 τοῖν
512 843 658 926 ἐμαυτοῦ
676 841 809 910 δούλων
818 840 979 929 ὑβρίσθαι
990 844 1031 910 ού
1043 843 1188 931 δύναμαι
1198 875 1260 916 κα-

309 951 450 1022 τασχεῖν,
473 935 495 1004 ά
516 941 596 1018 τέως
620 936 699 1008 οὐδὲ
720 947 788 1008 τῶν
810 940 922 1011 άλλωυ
937 943 1106 1028 λεγόντων
1122 942 1259 1014 ἀκούειν

264 1035 536 1122 84έδύκουν,έροί
548 1035 655 1106 καλού
666 1039 882 1125 σιωπήσομαι.
905 1040 970 1126 έγολ
981 1039 1046 1127 γάρ
1057 1042 1259 1130 ὁμομήτριον

309 1134 370 1228 μέν
386 1133 534 1221 άιλελφὸν
551 1141 695 1223 ἐμαυτοῦ
708 1143 878 1207 Πασικλέα
893 1146 1032 1228 νομίζω,
1054 1139 1259 1228 ὁμοπάτριον

309 1231 343 1300 δ’
355 1231 419 1301 ούκ
431 1232 505 1302 οἶδα
512 1286 521 1320 ,
541 1239 673 1304 δέδοικα
684 1239 797 1322 μέντοι
807 1236 851 1324 μη
864 1245 933 1307 τῶν
944 1247 1139 1326 Φορμίωνος
1148 1239 1258 1328 άμαρ-
1267 1269 1334 1325 1127

307 1334 461 1419 νημάτων
472 1340 518 1413 είς
528 1332 614 1421 ἡμᾶς
626 1330 706 1422 άρχη
719 1343 887 1422 Πασικλῆς
896 1331 928 1425 ᾖ.
951 1337 1032 1406 ὅταν
1042 1337 1106 1425 γάρ
1116 1345 1165 1429 τῷ
1175 1338 1257 1409 δού-

308 1440 355 1521 λῳ
367 1437 508 1520 συνδικῇ
518 1430 578 1501 τὸν
589 1431 737 1517 ἀδελφὸν
753 1433 896 1520 άτιμῶν,
914 1438 971 1506 καὶ
987 1435 1256 1524 παραπεπτωκὼς

292 1531 462 1617 ’θανμάζη
474 1531 614 1610 τούτους
625 1529 680 1616 ὑφ’
695 1523 745 1598 τάν
755 1529 847 1621 αὑτῷ
856 1534 1254 1622 θανμάζεσθαιπροσῆκε,

305 1627 366 1696 τίν’
380 1635 446 1713 ἔχει
456 1632 588 1701 δικαίαν
604 1626 701 1696 ταῦθ’
714 1627 878 1712 ύπογίανς
901 1630 999 1714 άνελε
1015 1626 1079 1701 ούν
1095 1635 1131 1702 έκ
1151 1638 1256 1720 μέσον

306 1753 365 1813 μοι
374 1731 558 1813 Πασικλέα,
583 1729 639 1795 καλ
655 1725 713 1806 σός
727 1727 788 1813 μέν
805 1729 877 1807 υίὸς
887 1727 961 1802 άντλ
971 1730 1134 1799 δεσπότου
1143 1739 1256 1800 καλεί-

306 1836 393 1913 σθω,
406 1824 483 1913 έμός
495 1829 530 1894 δὲ
540 1824 706 1905 ἀντίδικος
717 1828 888 1913 (βούλεται
897 1827 975 1914 γάρ)
987 1826 1055 1898 άντ’
1068 1827 1226 1917 άδελφού.

260 1952 295 2007 85
389 1924 469 2012 Ἕγώ
487 1926 522 1996 δὲ
532 1927 639 2016 τούτηο
651 1926 713 2012 μὲν
727 1933 853 2013 χαίρειν
868 1931 970 2013 λέγω,
988 1924 1048 2006 ούς
1065 1925 1129 1997 δ’ὁ
1145 1928 1252 2016 πατήρ

305 2052 362 2112 μοι
375 2029 546 2109 παρέδωκε
558 2023 708 2112 βοηθούς
724 2028 779 2095 καλ
797 2033 931 2113 φίλους,
955 2032 1001 2106 είς
1013 2025 1153 2105 τούτους
1167 2025 1252 2114 ἥκω,

305 2131 352 2205 είς
363 2122 459 2214 ὑμᾶς,
471 2119 499 2193 ά
509 2124 629 2210 ἄνδρες
640 2129 799 2194 δικασταί.
828 2126 884 2193 καὶ
895 2128 1010 2210 δέομαι
1021 2128 1077 2193 καλ
1087 2123 1251 2212 ἀντιβολῶ

304 2227 360 2292 καὶ
378 2224 531 2310 ίκετεύω,
553 2222 597 2311 μὴ
616 2221 794 2311 ὑπερίδητέ
809 2250 849 2309 με
865 2226 920 2293 καὶ
935 2221 993 2302 τάς
1010 2227 1196 2308 θυγατέρας
1210 2221 1250 2291 δι’

304 2328 434 2392 ἔνδειαν
444 2339 511 2403 τοῖς
523 2327 668 2410 ἐμαυτοῦ
679 2323 813 2400 δούλοις
828 2325 884 2390 καὶ
899 2335 966 2399 τοῖς
982 2321 1103 2388 τούτου
1118 2323 1254 2400 κόλαξιν

304 2425 479 2509 ἐπίχαρτον
488 2421 680 2507 γενόμενον.
709 2418 726 2486 ὁ
745 2419 822 2505 έμός
837 2418 916 2504 ὑμῖν
933 2417 1041 2504 πατὴρ
1057 2427 1161 2504 χιλίας
1171 2424 1254 2486 ἔδω-

303 2547 364 2590 κεν
374 2519 530 2606 ἀσπίδας,
548 2522 603 2588 καλ
613 2515 720 2587 πολλά
732 2517 894 2604 χρήσιμον
910 2514 1016 2584 αὑτὸν
1025 2521 1182 2602 παρέσχε,
1198 2519 1254 2584 καλ

303 2621 401 2687 πέντε
410 2618 553 2705 τριήρεις
571 2613 748 2703 ἐθελοντὴς
762 2613 896 2694 ἐπιδούς
906 2618 961 2682 καὶ
970 2613 1044 2701 παρ’
1055 2612 1160 2682 αὑτοῦ
1170 2623 1255 2701 πλη-

304 2717 413 2800 ροέσας
424 2717 657 2804 ἐτριηράρχησε
666 2720 883 2801 τριηραρχίας.
901 2715 956 2781 καὶ
965 2721 1078 2798 ταῦτα,
1088 2709 1151 2779 ούκ
1160 2710 1254 2799 ὀφεί-

304 2823 376 2882 λειν
393 2812 478 2900 ὑμᾶς
495 2820 638 2900 νομίζων
654 2814 753 2900 χάριν
769 2811 866 2900 ἡμῖν,
884 2811 1138 2900 ὑπομιμνῄσκω·
1160 2809 1252 2896 ἡμεῖς

303 2912 368 2998 γάρ
381 2910 557 2999 ὀφείλομεν
568 2911 662 2998 ὑμῖν·
686 2908 754 2980 ἀλλ’
766 2916 822 2978 ἵνα
832 2912 875 2998 μη
887 2912 982 2979 λάθω
993 2937 1025 2978 τι
1036 2908 1159 2977 παθῶν
1170 2907 1252 2974 τού·
1316 2985 1319 2995 Ι

302 3009 534 3092 τωνάνάξιον·
558 3012 636 3079 οὐδὲ
646 3008 710 3096 γάρ
722 3008 803 3097 ύμῖν
813 3006 857 3078 άν
866 3014 993 3096 γένοιτο
1004 3009 1118 3076 καλόν.

256 3131 293 3186 86
387 3109 502 3178 Πολλά
515 3108 545 3177 θ’
558 3117 642 3196 έχων
656 3116 761 3178 εἰπεῖν
770 3111 845 3195 περὶ
858 3103 907 3177 ὦν
916 3108 1091 3196 ὕβρισμαι,
1105 3104 1166 3193 ούχ
1177 3111 1251 3175 ίκα-

302 3209 366 3276 νὸν
384 3204 472 3277 ύντό
484 3207 576 3295 ύθωρ
587 3207 731 3294 ὁρῶμαι.
765 3205 808 3288 ὡς
824 3201 889 3276 ούν
905 3204 1028 3293 μάλιστ’
1042 3203 1086 3274 άν
1104 3205 1251 3286 ἅπαντας

302 3303 389 3393 ύμάς
404 3304 549 3398 ἡγοῦμαι
565 3315 692 3391 γνωναι
708 3306 772 3393 την
795 3303 986 3392 ὑπερβολήν
1007 3296 1055 3371 οἷν
1074 3301 1248 3394 ἠδικήμεθ’
1262 3346 1264 3348 -

299 3402 404 3491 ημεῑς,
417 3405 552 3492 φράσω·
575 3412 605 3475 εί
614 3412 768 3488 σκέψαιτο
780 3405 863 3491 πρὸς
872 3401 990 3472 ἑαυτὸν
1002 3405 1138 3485 ἕκαστος
1151 3407 1249 3493 ὑμῶν

301 3501 361 3571 τίν’
373 3513 459 3571 οίκοι
469 3507 642 3573 κατέλιπεν
660 3509 807 3590 οἰκέτην,
826 3501 888 3571 εἶθ’
900 3501 967 3570 ύπὰ
983 3503 1106 3573 τούτου
1123 3528 1252 3573 πεπον-

301 3599 382 3668 θόθ’
402 3600 521 3670 ἑαυτὸν
541 3609 616 3688 θείη
634 3601 729 3671 ταῦθ’
749 3602 834 3687 άπερ
851 3600 943 3689 ἡμεῖς
959 3600 1023 3672 ὑπὸ
1041 3605 1172 3671 τούτου.
1203 3599 1249 3686 μὴ

301 3697 365 3783 γάρ
377 3704 407 3766 εί
415 3700 528 3787 Σύρος
538 3697 560 3787 η’
571 3697 725 3786 Μάνηςῆ
735 3709 783 3780 τίς
794 3701 930 3782 ἕκαστος
939 3705 1086 3787 ἐκείνων,
1104 3692 1203 3779 ούτος
1213 3703 1250 3766 δὲ
