3159 4409
374 501 498 564 ΚΑΤΑ
517 499 666 562 ΕΤΕΡΓ.
687 500 774 563 ΚΑΙ
790 500 986 563 ΜΝΗΣΙΒ.
1011 502 1144 565 ww.
1178 501 1240 567 109

479 668 773 730 ΨΗΦΙΣΜΑΤΑ.
809 668 1051 732 MAPTYPIA.

241 788 276 840 41
370 757 497 845 Ελτειδη
509 787 545 828 το
547 769 625 829 νυν
635 757 813 848 αφηρέθην
822 786 861 828 τα
850 759 1009 850 ἐνεχυρα
1017 759 1240 832 ύπδτοῦΘεο-
1349 761 1351 765 ’

286 857 402 946 φήμου
422 861 476 927 καὶ
493 858 699 978 συνεκόπην,
720 856 879 928 ἐλθῶνί
848 866 879 928 εἰ
878 888 894 939 9
909 859 972 950 τήν
988 861 1127 989 βουλήν
1131 864 1188 943 τάς
1205 891 1239 933 τε

285 954 415 1078 πληγάς
433 960 538 1036 ἔδειξα
555 953 650 1026 καί“
628 983 650 1022 α
669 950 887 1035 πεπονθός
864 984 908 1043 ην
925 957 1016 1046 εἰπα,
1040 962 1095 1029 καὶ
1107 958 1158 1029 ότι
1171 967 1240 1029 εἰσ-

284 1081 440 1143 πραττων
450 1083 489 1144 τη
478 1057 595 1124 πόλει
606 1054 646 1123 τά
660 1056 772 1142 σκεύη.
796 1052 1093 1143 άγανακτήσασαδ’
1105 1051 1240 1146 ήβουλήΙ

285 1154 342 1241 ἐφ’
360 1149 409 1234 οἷς
426 1152 489 1239 ἐγω
508 1153 726 1240 ἐπεπόνθειν,
748 1157 834 1223 καίἰ
820 1157 939 1223 ἰδοῦσά
956 1183 996 1241 με
1008 1184 1052 1236 ως
1062 1161 1239 1243 διεκειμην,

284 1257 340 1322 καί
358 1254 546 1342 ἡγησαμένη
558 1252 719 1342 ὑβρίσθαι
730 1251 793 1321 ούκ
804 1254 876 1340 ἐμὲ,
898 1251 969 1322 ἀλλ’
984 1253 1105 1342 ἑαυτήν
1115 1257 1169 1323 καί
1179 1255 1240 1323 τόν

284 1359 394 1441 δῆμον
406 1351 471 1434 ,τόν
485 1354 720 1440 ψηφισάμενον
737 1354 794 1420 καὶ
810 1350 870 1420 τὸν
886 1353 993 1438 νόμον
1008 1351 1069 1423 τόν
1091 1353 1240 1442 άηαγκά-

240 1457 276 1524 42
286 1472 391 1521 σαντα
404 1453 611 1540 εἰσπράττειν
621 1452 661 1520 τά
673 1452 788 1537 σκεύη,
800 1454 950 1519 ἐκέλευεν
959 1456 1179 1538 εἰσαγγέλλειν
1188 1479 1239 1540 με,

284 1554 342 1621 καὶ
358 1551 437 1631 τοδς
453 1552 631 1638 πρυτάνεις
647 1549 858 1638 προγράφειν
876 1549 968 1639 αὐτῷ
984 1548 1045 1638 τὴν
1063 1559 1172 1635 κρίσιν
1187 1555 1240 1621 ἐπὶ

285 1651 349 1719 δύο
372 1647 496 1735 ’ἡμέρας
517 1646 562 1727 ῶς
582 1647 755 1717 ἀδικοῦντι
772 1651 828 1716 καί
845 1650 1062 1719 διακωλύοντι
1078 1651 1139 1718 τόν
1153 1649 1316 1727 ‹iud-1152

284 1754 424 1834 στολου,
447 1747 531 1815 διότι
547 1744 588 1815 τά
606 1748 708 1834 σκεύη
726 1743 789 1815 ούκ
806 1745 964 1817 ἀπεδίδου
980 1751 1035 1818 καί
1050 1750 1090 1817 τά
1101 1752 1239 1836 ἐνέχυρα

284 1845 440 1937 άφείλετο
458 1849 513 1914 καί
524 1845 579 1933 ἐμὲ
589 1851 755 1928 συνέκοψε
766 1844 827 1915 τόν
837 1847 1075 1936 εἰσπράττοντα
1086 1845 1240 1934 καίύπη-

285 1951 447 2030 ρετοῦντα
462 1952 503 2032 κη’
513 1945 616 2014 πόλει.
648 1949 851 2066 γενομένης
843 1952 960 2014 τοίνυν
975 1953 1032 2032 τῆς
1042 1953 1222 2036 κρίσεως
1192 1953 1237 2014 τῶ

286 2042 451 2132 Θεοφήμῳ
473 2045 510 2110 ἐν
529 2051 568 2132 τή
590 2051 697 2133 βουλῇ
712 2045 797 2113 κατά
815 2041 877 2132 τήν
893 2070 908 2112 ε
910 2041 1136 2131 ἰ“σαγγελίαν
1113 2070 1157 2130 ην
1173 2017 1238 2130 ἐγῶ
1341 2055 1355 2124 ζ

287 2141 485 2228 εἰσήγγειλα,
501 2144 556 2211 καί
566 2141 792 2223 αποδοθεντος
801 2144 930 2228 λογον
913 2151 1070 2233 εκατερω,
1091 2143 1239 2229 καίκρύ-
1300 2177 1305 2186 ·

285 2243 959 2329 βδηνδιαφηφισαμένωντῶνβουλευτῶν,
983 2236 1240 2330 ήλωέντῳβού-

240 2346 445 2430 43λευτηρίῳ
464 2342 519 2408 καί
536 2344 647 2420 ἔδοξεν
659 2338 802 2413 άδικείν.
827 2341 882 2405 καί
893 2335 1003 2422 ἐπειδὴ
1016 2340 1052 2404 ἐν
1062 2363 1107 2426 τῳ
1094 2343 1239 2422 διαχει-

285 2455 436 2561 ροτοηεῐν
451 2432 495 2526 ήν
511 2467 532 2525 η
521 2431 657 2526 ’βουλή
675 2439 799 2521 πότερα
817 2439 1013 2555 δικαστηρίῳ
1033 2431 1239 2521 παραδοίη
1216 2463 1237 2521 η

286 2545 456 2662 ζημιωσειε
475 2552 545 2617 ταῖς
562 2541 808 2621 πεντακοσίαις,
830 2532 914 2603 οσον
923 2558 967 2619 ην
977 2538 1076 2617 κυρια
1085 2558 1168 2600 κατα
1179 2532 1239 2601 τόν

284 2640 410 2726 νόμον,
416 2638 602 2724 δεομένων
618 2636 750 2705 τούτων
770 2631 929 2702 ἁπάντων
948 2632 1003 2699 καὶ
1023 2630 1237 2700 ἱκετευόντων

286 2741 392 2808 καί’
357 2764 431 2806 τινα
448 2733 490 2804 ού
506 2733 809 2823 προσπεμπόντων,
833 2733 888 2801 καὶ
904 2727 940 2798 τδ
962 2715 1150 2817 διάγραμμα
1170 2737 1238 2798 τῶν

286 2844 419 2906 σκευῶν
430 2833 660 2904 ἀποδιδόντων
671 2831 777 2913 εὐθύς
786 2836 824 2901 ἐν
835 2838 874 2920 τῇ
885 2835 1007 2919 βουλή,
1019 2831 1074 2897 καὶ
1085 2830 1159 2915 περὶ
1169 2837 1239 2898 τῶν

286 2944 425 3023 πληγῶν
441 2934 641 3020 φασκόντων
658 2936 843 3019 ἐπιτρίψειν
863 2922 893 3021 ᾦ
912 2926 955 2998 άυ
976 2928 1121 2998 κελεύσω
1138 2928 1239 3015 Ἀθη-

285 3043 407 3121 ναίων,
431 3032 646 3121 συνεχώρησα
663 3033 746 3100 ὥστε
763 3040 811 3118 τῶ
821 3029 985 3117 Θεοφήμῳ
1003 3032 1101 3096 πέντε
1119 3029 1174 3095 καὶ
1191 3035 1239 3095 εἰ·

240 3154 364 3213 ιικοσι·
383 3138 538 3220 δραχμῶν
559 3138 835 3219 προστιμηθῆναι.
866 3129 922 3196 καὶ
942 3133 1046 3195 ταῦτα
1067 3121 1111 3203 ῶς
1127 3123 1239 3212 άληθή
1267 3187 1271 3195 .

285 3236 389 3320 λέγω,
412 3230 510 3319 ύμῶν
527 3258 562 3298 τε
575 3232 690 3316 δέομαι
700 3227 774 3297 ὅσοι
784 3227 967 3316 ἐβούλευον
977 3221 1027 3291 ἐπ’
1037 3221 1237 3308 Ἀγαθοκλέ-

286 3340 347 3413 ους
358 3332 516 3419 άρχοντος
529 3329 666 3415 φράζειν
676 3327 1061 3414 τοῐςπαρακαθημίνοις,
1071 3325 1126 3390 καί
1136 3322 1237 3403 ὅσους

285 3432 458 3516 ἐδυνάμην
482 3427 547 3514 ἰγῶ
564 3432 707 3515 ἐξευρεῖν
717 3434 785 3495 τῶν
795 3426 869 3494 τότε
880 3421 1112 3509 βουλευόντων
1118 3473 1128 3508 ,
1148 3423 1237 3510 μάρ-

285 3557 389 3616 τυρας
399 3526 478 3616 ύμῖν
489 3522 714 3614 παρέξομαι

632 3628 891 3692 ΜΑΡΤΤΡΙΑΙ.

365 3691 449 3811 Ἐρῶ
461 3729 521 3810 μὲν
530 3731 645 3792 τοίνυν
657 3720 778 3808 οὕτως,
798 3747 825 3789 ω
812 3713 955 3807 ἄνδρες
964 3719 1123 3804 δικασταὶ,
1134 3719 1233 3784 ἐπιει-
