3159 4409
333 502 395 570 ιιι
529 506 594 563 ux.
628 501 1074 584 [ΔπΜοΣοκΝονΣ]

375 660 536 773 Νεαίρας
520 690 564 729 οτι
581 665 614 728 ἐκ
625 660 779 766 Στεφάνου
797 664 867 743 είσλ,
885 661 1038 768 Πρόξενός
1043 660 1279 749 τεδτελευτήσας

375 775 425 812 και
416 742 603 851 Ἀρίστων
590 773 605 811 ο
621 756 678 853 666
694 742 736 810 66
753 741 819 810 καλ
815 751 965 851 Αντιδωρί
964 743 1041 827 δηςὸ
1054 754 1279 860 σταδιοδρομῶν

375 832 425 895 καί
440 828 545 910 Φανὼ,
567 822 659 933 ἐφ’
636 857 658 918 φ
674 854 704 892 τε
713 825 918 912 βασανίσαι’
881 828 980 906 αυτάς.
1013 857 1063 894 και
1054 833 1142 896 ““εί
1108 859 1163 934 μεν
1174 836 1277 914 ὁμολο-

373 922 455 1001 μοῖεν
464 917 496 981 ἐκ
506 894 660 994 Στεφάνου
672 909 746 976 εἶναι
758 913 892 977 καλΝεαί
882 940 943 1013 ρας
952 911 1071 989 τούτους
1081 911 1149 991 τούς
1158 922 1277 998 παῖδας,

374 999 709 1144 πεπράσθαιΝὲαιραη
693 989 767 1058 κατὰ
777 991 845 1071 τοὺς
855 994 962 1077 νόμους
974 1000 1024 1101 666
1033 993 1101 1075 τοὺς
1110 1004 1221 1077 παῖδας
1232 1003 1277 1077 ξέ-

372 1082 543 1189 ηουςεῖναι·
563 1085 590 1144 εί
604 1074 896 1183 δὲμήδμολρμοῐενὲ
896 1105 914 1142 κ
933 1078 1039 1162 ταάτης
1061 1079 1197 1146 εἶναι’
1159 1080 1275 1186 αυτοδς,

372 1162 438 1232 666’
458 1168 486 1244 ἐξ
503 1167 598 1249 ἑτέρας
612 1157 760 1272 γυναικὸς
766 1157 869 1243 άστῆς,
893 1157 1076 1267 άφίστασθαι
1091 1173 1145 1230 τοῦ
1163 1161 1277 1248 άμῶνος

371 1248 480 1334 ήθελον
490 1275 541 1313 του
528 1251 695 1351 Νεαίρας,
712 1247 763 1309 καὶ
776 1249 806 1309 εἴ
811 1271 839 1310 τι
850 1248 881 1308 ἐκ
892 1254 951 1310 τῶν
961 1246 1100 1330 βασάνων
1109 1253 1275 1332 βλαφθείη

372 1353 427 1398 σαν
443 1338 477 1398 αί
488 1331 658 1417 άνθριοποι,
670 1325 844 1394 σἰποτίνειν“
827 1353 844 1392 ο
854 1356 881 1393 τι
891 1335 995 1414 βλαβεί
992 1338 1088 1413 ησαν]

272 1481 320 1532 125
416 1467 525 1527 Ταῦτα
547 1458 837 1544 προκαλεσαμένου
854 1457 952 1540 ἐμοῦ,
974 1454 1093 1543 ἄνδρες
1111 1460 1272 1543 δικασταί,
1282 1466 1333 1521 136

329 1563 505 1643 Στέφανον
517 1551 874 1640 τουτονλούκήθὲλησε
885 1556 1049 1633 δέξασθαι.
1073 1553 1202 1622 οὔκουν
1211 1555 1272 1643 ήδη

329 1664 422 1726 δοκεῖ
435 1655 514 1743 ὑμῖν
532 1654 725 1723 δεδικάσθαι
742 1648 804 1719 ὑπ’
825 1650 930 1718 αὐτοῦ
939 1649 1118 1736 Στεφάνου
1128 1650 1272 1740 τουτουί,

242 1823 251 1834 ,
330 1750 357 1822 6
374 1754 492 1838 άνδρες
509 1756 671 1839 δικασταὶ,
693 1751 744 1820 ὅτι
759 1751 872 1836 ἔνοχός
887 1752 954 1817 ἐστι
970 1759 1011 1838 τῇ
1021 1760 1135 1838 γραφή
1146 1758 1273 1840 Νέαιρα

328 1851 371 1939 ἣν
387 1853 449 1936 666
468 1850 572 1938 αὐτήν
588 1851 797 1938 ἐγραψάμην,
821 1850 876 1916 καί
894 1846 946 1916 ὅτι
956 1847 1019 1933 ἐγώ
1031 1848 1216 1939 μὲνάληθῆ
1226 1861 1273 1919 εῖ-

330 1976 414 2036 ρηκα
431 1947 513 2036 πρὸς
529 1947 614 2033 ὑμᾶς
631 1948 758 2027 καὶτὰς
773 1954 953 2034 μαρτυρίας
970 1950 1181 2036 παρεσχόμην
1191 1950 1273 2038 άλη-

329 2057 417 2131 θεῖς,
440 2042 552 2113 οὑτοσὶ
571 2042 815 2134 δ’δτιάνλέγη
827 2047 933 2114 πάντα
943 2049 1113 2134 ψεύσεται,
1137 2051 1272 2131 6666-

330 2140 485 2228 66756’
443 2140 543 2222 αυτὸς
553 2141 657 2234 αὑτὸν
667 2141 717 2212 ὅτι
728 2142 1097 2267 06666666636666,066
1109 2148 1271 2236 ἐθελήσας

328 2247 575 2364 παραδοῦηαιεί
574 2241 812 2328 ςβασανους
775 2268 834 2323 τας
843 2242 1087 2331 θεραπαινας
1064 2270 1104 2321 ας
1123 2245 1188 2331 666
1200 2248 1272 2337 ἐξή-

325 2340 407 2409 τουν
417 2339 535 2422 αὐτόν;

269 2483 318 2536 126
407 2466 537 2592 ’λήγοδμλ
538 2462 648 2557 6066,
673 2498 698 2538 ω
687 2464 830 2560 ἄνδρες
841 2475 1003 2559 δικασταὶ,
1026 2477 1081 2542 και
1091 2489 1159 2554 τοῖς
1168 2486 1269 2562 θεοῖς,

328 2563 422 2645 είς
389 2566 447 2687 069
464 2561 557 2636 οὗτοι
572 2567 766 2658 ἠσεβήκασι,
789 2575 845 2640 καὶ
862 2575 991 2660 ἐμαυτῷ
1007 2599 1161 2696 666666
1177 2578 1271 2642 κατέ-

328 2665 430 2751 στησα
441 2691 475 2733 τε
486 2670 639 2734 τουτουσί
650 2666 726 2747 είς
705 2695 818 2753 αμωνα
827 2667 909 2736 καί
889 2694 954 2737 υπο
965 2696 1026 2757 την
1036 2667 1271 2760 υμετερανηη

328 2790 395 2882 φορ
411 2762 545 2850 ήνανον.
577 2763 667 2833 καί
649 2774 744 2889 ημᾶς
751 2767 786 2835 66
802 2766 862 2854 χρή
881 2776 1079 2865 νομίσαντας
1095 2798 1139 2858 μη
1128 2769 1269 2842 λαθεῖν

221 2880 223 2885 ·
327 2861 406 2941 τούς
422 2859 540 2981 θεοής,
563 2869 608 2941 είς
625 2861 684 2944 069
701 2858 794 2952 οὗτοι
805 2869 1132 2954 παρανενομήκασιν,
1154 2898 1217 2940 οτι
1225 2900 1270 2940 αν

327 2962 462 3039 εκαστος
477 2958 572 3080 ὑμήν
589 2970 785 3050 ψηφίσηται,
806 2972 1017 3052 ψηφίσασθαι
1032 2966 1073 3034 τὰ
1090 2972 1201 3037 δίκαια
1217 2973 1270 3038 καὶ

326 3072 478 3177 τιμωρεῖν
495 3057 634 3146 μαλιστα
650 3065 710 3148 μὲν
725 3077 793 3143 τοῖς
808 3074 916 3150 θεοῖς,
937 3069 1047 3133 ἔπειτα
1064 3068 1100 3135 δὲ
1115 3067 1210 3136 καῖ’
1192 3084 1269 3156 υμῖν

327 3152 444 3235 αὐτοῖς.
478 3160 649 3227 καὶταῦτα
665 3162 860 3249 ποιήσαντες
877 3162 984 3282 δόξετε
1000 3171 1081 3231 πᾶσι
1095 3174 1206 3245 καλοῖς
1216 3169 1270 3234 καλ

328 3255 457 3332 δικαίας
475 3257 606 3328 δικάσαι
623 3258 747 3345 ταύτην
762 3259 825 3383 τήν
835 3261 980 3349 γραφήν,
991 3260 1034 3348 66
1044 3266 1195 3351 Νέαιραν
1207 3262 1269 3351 666

327 3349 534 3440 ἐγραψάμην,
548 3359 644 3443 ξένην
658 3351 764 3427 οὖσαν
775 3359 864 3449 οἰστῷ
874 3377 1050 3429 συνοικεῖν.

634 3625 959 3636 --—--———...-
