3159 4409
318 500 382 568 τοι
533 507 598 564 τοι.
623 501 1058 581 [ΔΗΜοΣοοΝουεη

318 671 466 744 ἐπιεικῶς
475 662 512 733 τό
525 671 635 751 σῶμα,
646 662 808 750 λαμβάνει
818 676 960 746 γυναῖκα
970 654 1075 746 άστὴν
1091 661 1175 729 κατά
1188 660 1267 741 τούς

317 764 458 850 νόμους,
480 762 640 849 Σατύρου
659 761 721 847 μέν
736 768 798 828 τοῦ
814 763 984 839 Μελιτέως
1000 764 1170 846 θυγατέρα
1184 786 1285 846 γνη-Ι

317 870 409 947 σίαν,
421 868 567 947 Διφίλου
579 859 614 927 δὲ
623 857 780 945 άδελφήν.
805 857 888 926 άστε
900 859 950 927 ὅτι
960 859 1021 946 μὲν
1031 858 1093 946 οὐχ
1105 857 1192 928 ἕκόν
1203 857 1264 941 άν-
1275 873 1324 928 1365

316 963 446 1040 εδέξατο
463 958 524 1026 τόν
540 960 657 1041 παῖδα,
679 954 763 1024 ἄλλά
779 959 929 1043 βιασθείς
940 954 1005 1024 ὑπό
1020 965 1078 1043 τῆς
1094 958 1199 1027 νόσον
1213 958 1265 1026 καὶ

315 1066 373 1145 τῆς
384 1056 537 1135 ἀπαιδίας
554 1058 609 1124 καὶ
627 1063 686 1143 της
702 1053 815 1123 αὐτῶν
825 1063 1004 1140 θεραπείας
1014 1060 1068 1124 καὶ
1078 1065 1136 1144 τῆς
1146 1064 1266 1144 ἔχθρας

316 1165 373 1245 τῆς
390 1153 473 1242 πρὸς
490 1153 569 1234 τούς
586 1160 742 1241 οἰκείους,
763 1159 820 1222 ἵνα
831 1153 875 1276 μη
893 1156 1095 1242 κληρονόμοι
1106 1159 1266 1241 γένωνται

315 1283 385 1325 των
393 1254 521 1339 ἀυτον,
545 1254 635 1322 ἄντι
653 1254 763 1342 πάδη,
785 1262 867 1321 ταῦτ
864 1252 976 1320 ’ἔστω
991 1252 1072 1340 ὑμῖν
1091 1256 1263 1343 τεκμήρια·

272 1357 468 1444 598v22w'6a
475 1355 511 1422 δὲ
527 1355 581 1423 καὶ
598 1352 774 1423 τάκόλονθ’
794 1351 907 1421 αὐτῶν
918 1359 965 1420 ἐτι
981 1360 1117 1440 μᾶλλον
1148 1352 1192 1433 ὡς
1203 1355 1264 1440 γάρ

317 1451 476 1541 είσηγεν’
462 1482 479 1524 ο
492 1452 655 1539 Φράστωρ
668 1455 714 1532 είς
724 1450 803 1532 τούς
814 1452 979 1538 φράτερας
998 1451 1057 1520 τὸν
1067 1456 1198 1520 παιδα’
1181 1462 1265 1540 εντῇ

316 1549 514 1641 άοθενείᾳ”
488 1579 536 1620 ων
547 1551 607 1621 τόν
618 1554 654 1620 ἐκ
666 1559 724 1637 τῆς
733 1549 902 1636 θυγατρὸς
912 1558 970 1637 τῆς
979 1558 1142 1636 Νεαίρας,
1154 1553 1210 1619 καὶ
1221 1556 1265 1630 είς

315 1678 396 1730 τους
406 1643 614 1735 Βρυτίδας
586 1675 641 1719 ων
651 1653 705 1717 καὶ
722 1646 825 1728 αάτός
835 1647 953 1717 ἐστιν
936 1675 954 1716 ο
970 1649 1132 1734 Φράστωρ
1144 1649 1263 1736 γεννή-

315 1775 389 1836 της,
401 1749 524 1828 εἰδότες
534 1747 623 1834 οἶμαι
634 1753 668 1816 οί
676 1755 834 1834 γεννῆται
843 1745 905 1834 τὴν
915 1762 1057 1833 γυναῖκα
1067 1747 1139 1834 ἥτις
1149 1741 1263 1835 ἤυ,ἢν

315 1845 461 1934 έλαβενὸ
476 1848 639 1932 Φράστωρ
650 1845 687 1914 τὸ
699 1854 852 1933 πρῶτον,
863 1846 925 1932 τὴν
934 1855 990 1934 τῆς
999 1853 1145 1931 Νεαίρας
1154 1857 1263 1934 θυγα-

200 2005 203 2010 .
315 1948 410 2030 τέρα,
433 1945 561 2032 καὶτην
577 1943 767 2032 ἀπόπεμψιν
777 1954 835 2032 τῆς
846 1944 1049 2031 ἄνθρωπον,
1073 1948 1127 2014 καὶ
1140 1944 1263 2033 διάτην

316 2042 496 2112 ἀσθένειαν
520 2046 736 2128 πεπεισμένον
759 2040 862 2110 αὐτόν
882 2044 982 2113 πάλιν
1003 2041 1184 2131 ἀναλαβεῖν
1205 2044 1263 2114 τόν
1322 2115 1323 2118 ,

316 2145 432 2229 παίδα,
454 2141 716 2229 ἀποψηφίζονται
727 2151 795 2210 ’τοῦ
804 2142 921 2223 παιδός
930 2147 985 2213 καὶ
997 2141 1059 2212 οὐκ
1079 2147 1263 2230 ἐνέγραφον

270 2240 419 2319 σοαάτόν
435 2249 481 2322 είς
498 2251 584 2329 σφᾶς
601 2240 732 2322 αὐτούς.
766 2243 923 2329 λαχόντος
946 2246 981 2311 δὲ
1000 2251 1061 2311 τοῦ
1073 2244 1262 2330 Φράστορος

314 2339 425 2422 αὐτοῖς
436 2348 548 2431 δίκην,
570 2341 620 2411 ὅτι
634 2340 696 2410 οὐκ
708 2345 895 2429 ἐνέγραφον
906 2339 1010 2409 αὐτοῦ
1022 2342 1114 2426 υἱὸν,
1138 2365 1262 2425 προκα·

313 2446 450 2508 λοῦνται
469 2439 574 2509 αὐτόν
593 2445 627 2508 ολ
644 2448 800 2527 γεννῆται
819 2438 903 2528 πρὸς
920 2448 965 2531 τῷ
983 2445 1130 2528 διαιτητῇ
1145 2437 1262 2527 ὀμόσαι

313 2536 388 2605 καθ’
400 2543 500 2622 ἱεράν
510 2545 644 2608 τελείων
659 2533 681 2626 ἦ
689 2541 756 2626 μὴν
773 2545 916 2626 νομίζειν
927 2540 1011 2608 εἶναι
1023 2537 1131 2608 αὑτοῦ
1141 2541 1219 2608 νίὸυ
1229 2542 1261 2618 ἐξ

313 2636 413 2723 νἰστης
424 2636 581 2721 γυναικός
594 2639 647 2705 καί
659 2641 819 2725 ἐγγυητῆς
830 2638 912 2705 κατά
923 2637 984 2706 τόν
995 2640 1109 2724 νόμον.
1135 2663 1261 2724 προκα-

312 2735 486 2822 λουμένων
496 2738 531 2804 δὲ
541 2745 645 2802 ταῦτα
661 2744 729 2803 τῶν
739 2745 910 2823 γεννητῶν
920 2735 980 2804 τὸν
991 2737 1169 2821 Φράστορα
1180 2736 1261 2823 πρὸς
1301 2782 1303 2785 v

311 2841 358 2924 τῷ
369 2838 525 2922 διαιτητῇ,
538 2840 649 2916 ἔλιπεν
659 2832 846 2918 όΦράστωρ
857 2833 1028 2921 τὸνὸρκον
1037 2836 1092 2903 καὶ
1100 2834 1162 2904 οὐκ
1171 2835 1260 2922 ὤμο-

267 2951 376 3006 61σεν.
410 2934 464 2999 καὶ
476 2930 526 2999 ότι
537 2930 648 3019 άληθη
659 2940 762 3000 ταῦτα
774 2937 875 3020 λέγω,
898 2935 1027 3001 τούτων
1042 2931 1122 3019 ὑμῖν
1132 2936 1260 3022 μάρτυ-

311 3055 370 3116 ρας
380 3028 459 3110 τούς
468 3031 634 3116 παρόντας
645 3035 818 3118 Βρυτιδῶν
828 3034 1015 3118 παρέξομαι.
1027 3088 1029 3096 ,

662 3185 912 3245 ΜΑΡΤῬΡΕΣ.

435 3302 657 3411 [ἴλίμόστρατοςτ
645 3305 825 3414 Εκάληθεν,
838 3306 1013 3384 Ξάνθιππος
1015 3301 1259 3412 Ἐροιάδης,Εά-

351 3382 443 3487 άλκης
463 3386 630 3474 Φαληρευς,
645 3391 768 3468 ’Ἀυυτος
783 3391 956 3474 Λακιάδης,
978 3386 1150 3502 Εὐφράνωρ
1173 3397 1259 3496 Αἶγα·

351 3464 437 3550 λιεῦς,
448 3475 598 3548 Νίκιππος
608 3482 786 3575 Κεφαληθεν
796 3483 1014 3579 μαρτυροῦσιν
1006 3474 1081 3540 εἶναι
1092 3479 1143 3540 καὶ
1154 3471 1260 3552 αὐτοὺς

351 3553 401 3615 καὶ
418 3551 620 3640 Φράστορα
592 3582 643 3620 τον
659 3562 775 3642 Αίγιλιέ
774 3587 794 3623 α
809 3567 869 3623 τῶν
884 3567 1033 3661 γεννητῶν
1049 3565 1079 3623 οἳ
1101 3567 1259 3624 καλοννται

352 3638 525 3741 Βρυτίδαι,
519 3665 569 3702 και
560 3637 730 3718 άξιοῧντος
745 3641 915 3745 Φράστορος
926 3638 1090 3745 εἰσάγειν
1062 3669 1114 3707 τον
1123 3639 1192 3707 υιδν
1203 3638 1256 3706 αὖ

343 3744 398 3784 τον
387 3721 458 3799 εἰς
475 3716 544 3801 τοάς
559 3748 719 3810 γεννητας,
741 3718 897 3802 είδότες’
862 3727 944 3788 αυτοὶ
954 3751 998 3790 οτι
1013 3724 1182 3811 Φράστορος
1194 3721 1257 3802 υἱός
1265 3751 1324 3807 1366
