3159 4409
500 484 641 546 πεοε
658 446 1032 545 ΜΑκΑΡτΛνοά.
1195 484 1238 550 νο

640 649 881 711 MAPTYPIA.

416 765 666 866 [Μαρτυροῦσι
640 769 777 844 παρεῖναι
793 754 912 863 πρὸς
883 767 924 823 τῶ
942 764 1075 863 διαιτητῇ
1085 761 1132 824 ἕπλ
1142 769 1236 827 Νικο-

331 843 432 950 φήμαν
444 844 591 948 άρχοντος,
603 839 649 907 ότε
659 846 773 949 ἐνίκησε
782 822 973 950 Φυλομαχηη
986 839 1169 926 Εὐβουλίδου
1177 855 1235 910 θυ-

329 929 491 1096 γήτλρςτρῦ
510 926 620 1013 κλήρου
631 951 683 991 του
670 922 808 1010 ’Ἁγνίου
818 922 886 1002 τοδς
896 923 1200 1010 ἀμφισβητοῦντας’
1163 937 1237 1014 αυτῇ

242 1159 279 1213 32
343 1141 460 1212 Ὅτι
426 1170 487 1230 μεν
499 1147 651 1229 ἐνίκησεν
665 1166 686 1224 η
675 1135 911 1225 Ἐὐβουλίδου
920 1137 1073 1226 θυγάτηρ
1084 1165 1144 1206 τον
1129 1138 1239 1224 κλή-

248 1275 251 1283 ·
289 1265 352 1326 ρου
377 1247 439 1306 τοῦ
450 1236 583 1324 Ἁγνίου
609 1236 788 1324 ἀκηκόατε,
814 1230 975 1322 ἀάυδρες
990 1243 1147 1306 δικασταί.
1183 1241 1239 1306 καί

288 1336 372 1422 αὕτη
391 1339 540 1456 ἐνίκησεν
557 1333 695 1424 οάδεμιοῖ
711 1346 907 1424 παρασκευῇ
921 1335 1024 1427 ἀδίκῳ
1036 1336 1116 1406 οὐδὲ
1126 1359 1239 1404 συνω-

286 1443 402 1522 μοσίᾳ,
415 1433 487 1502 ἀλλ’
502 1462 546 1513 ως
557 1428 630 1502 οίον
639 1460 674 1502 τε
686 1434 873 1504 δικαιοτατα
880 1433 1162 1518 ἐπιδειξάντων
1143 1462 1239 1522 ημων

287 1532 338 1602 ὅτι
349 1535 437 1618 γένει
448 1526 646 1619 ἐγγυτάτω
624 1561 668 1618 ην
675 1531 805 1621 Ἀγνίηι,
824 1525 993 1602 οὗέστινὸ
1006 1532 1180 1620 κλήρος,’
1160 1559 1239 1601 ανε-

286 1640 367 1713 υιοῠ
385 1645 461 1710 παῖς
471 1623 556 1698 οάσα
567 1628 649 1716 πρὸς
659 1628 781 1714 πατρὸς
794 1634 848 1698 καὶ
859 1634 894 1698 ἐκ
905 1657 966 1698 τον
953 1640 1071 1700 οἴκου
1081 1625 1166 1700 οάσα
1177 1643 1239 1700 τοῦ

247 1729 426 1815 οεἉγνίου.
456 1722 641 1796 ίπειδαν
598 1756 661 1797 ουν
672 1731 752 1816 λεγη
760 1729 1015 1813 Μακαρτάτος
993 1755 1045 1797 οτι
1055 1722 1234 1817 ἕνικησενο
1247 1750 1314 1804 1060

284 1826 395 1913 πατήρ
407 1825 512 1895 αὐτοῦ
523 1827 717 1913 Θεόπομπος
727 1836 788 1895 τοῦ
800 1827 926 1914 κλήρου
936 1829 1074 1912 τούτου,
1085 1826 1236 1915 ὑπολαμ-

285 1929 404 2014 βάνετε
416 1924 505 2016 αὐτῷ
516 1923 624 2012 ὑμεῖς,
638 1919 665 1994 ά
676 1925 797 2014 ἀνδρες
809 1929 973 2012 δικασταὶ,
989 1926 1040 1995 ότι
1050 1930 1105 1994 καὶ
1115 1925 1135 2013 ἡ
1146 1927 1233 2013 γυνή

285 2029 415 2111 ἐνίκησε
426 2021 621 2112 πρότερονή
634 2025 831 2111 Θεόπομπος
845 2022 863 2093 ὁ
880 2027 1014 2093 τουτουὶ
1034 2019 1156 2111 πατήρ,
1180 2027 1235 2093 καὶ

285 2122 337 2191 ὅτι
357 2129 490 2202 δικαίως
512 2127 663 2210 ἐνίκησεν
683 2122 703 2212 ή
724 2123 809 2210 γυνή
833 2126 868 2191 ἐκ
881 2133 945 2192 Ιτοῦ
960 2134 1055 2193 οἴκου
1072 2117 1157 2191 οὖσα
1173 2131 1234 2191 τοῦ

282 2219 430 2308 Ἁγνίου,
446 2221 657 2309 Εὐβουλίδου
668 2224 821 2310 θυγάτηρ
833 2216 934 2309 οάσα,
951 2231 1013 2290 τοῦ
1023 2221 1164 2304 ἀνεψιοῦ
1173 2229 1234 2289 τοῦ

278 2317 426 2405 Ἁγνίου,
454 2317 471 2386 ὁ
490 2321 525 2388 δὲ
537 2323 732 2408 Θεόπομπος
743 2319 794 2388 ὅτι
806 2318 867 2388 οάκ
878 2326 1040 2406 ἐνίκησεν,
1051 2319 1135 2387 ἀλλά
1149 2345 1235 2404 παρ-

285 2419 478 2503 εκρούσατο,
487 2418 548 2486 οὐκ
561 2416 609 2486 τόν
619 2424 655 2488 ἐκ
665 2427 726 2486 τοῦ
738 2429 834 2486 οίκου
844 2416 881 2485 τδ
894 2417 1050 2498 παράπαν
1060 2414 1236 2500 τοῦἉγνί-

242 2538 337 2591 340v.
369 2527 472 2586 ταῦτα
485 2517 575 2606 αότηῖ
591 2515 699 2603 ὑμεῖς,
720 2508 746 2582 ιδ
763 2514 883 2599 ἀνδρες
899 2514 1064 2595 δικασταὶ,
1083 2510 1236 2597 ὑπολαμ-

286 2617 476 2704 βάνετε,καλ
487 2616 539 2684 ότι
549 2617 608 2683 τόν
619 2620 720 2683 παῖδα
730 2615 863 2685 τουτονὶ
870 2609 1091 2699 Εὐβουλίδην,
1100 2609 1234 2679 τδνΕά-

285 2721 447 2803 βουλίδον
458 2714 550 2802 υίδν,
559 2713 692 2800 Ἁγνίου
708 2712 753 2800 δ’,
765 2704 808 2781 οὖ
820 2715 909 2782 ἐστιν
920 2708 938 2778 ὁ
950 2718 1081 2798 κλήρος,
1094 2708 1236 2790 ἀνεψιοῦ

286 2820 388 2883 παῖδα
404 2812 487 2900 πρὸς
502 2813 642 2898 πατρὸς,
666 2813 743 2881 οὔτε
760 2813 956 2898 Θεόπομπος
975 2809 992 2878 ὁ
1009 2810 1236 2894 Μακαρτάτου

287 2911 395 2999 πατήρ
412 2911 483 2980 οὔτ’
497 2913 597 2992 ἀλλος
608 2911 716 2991 οὐδεὶς
727 2911 860 2979 ποίποτε
870 2908 1064 2994 ἀνθρώπων
1075 2911 1234 2993 ἐνίκησεν.

286 3013 364 3080 νυνί
382 3009 413 3078 δ’
427 3014 514 3080 ἐστίν
525 3010 542 3080 ὁ
554 3009 647 3097 άγάν
658 3009 743 3097 καλή
757 3015 944 3078 διαδικασία
955 3010 1030 3095 περὶ
1040 3016 1101 3075 τοῦ
1110 3005 1236 3092 κλήρου
1283 3083 1286 3089 f

248 3111 258 3135 ¹
285 3108 487 3198 τοῦἈγνίου
496 3121 543 3202 τῷ
554 3110 760 3198 Εὐβουλίδου
771 3115 839 3178 νίεί
846 3110 952 3198 τούτῳ
963 3105 1234 3195 καίΜακαρτάτῳ

256 3223 264 3229 ’
286 3207 394 3298 τούτῳ
416 3217 464 3298 τῷ
480 3210 680 3297 Θεοπόμπου
697 3214 773 3277 νίεϊ·
795 3210 849 3276 καὶ
866 3206 1023 3292 ὁπότερος
1041 3204 1169 3271 τούτων
1185 3209 1234 3273 δι-

286 3306 443 3426 καιότερα
464 3310 571 3393 λέγειν
588 3309 675 3388 δόξει
691 3309 746 3375 καὶ
762 3303 845 3374 κατά
862 3302 941 3383 τοὺς
958 3303 1082 3388 νόμους
1097 3309 1233 3388 μᾶλλον,

243 3402 421 3492 35δηλον
401 3432 453 3474 οτι
461 3432 568 3474 τουτω
581 3406 718 3492 ὑμείςοί
726 3406 875 3473 δικασταὶ
886 3401 1130 3487 προσθήσεσθε.
1140 3396 1235 3470 'Ava-

287 3511 454 3627 γίγνωσκε
477 3502 541 3583 τάς
564 3510 744 3625 μαρτυρίας
770 3500 828 3581 τάς
858 3498 1075 3583 ὑπολοίπους,
1101 3507 1235 3585 πρῶτον
1268 3499 1272 3508 ’

288 3629 349 3717 μεν
366 3601 417 3670 ὅτι
434 3600 455 3689 ἡ
475 3602 688 3690 Φυλομάχηθ
671 3631 692 3689 η
710 3629 770 3671 του
755 3598 914 3684 Ἀγνίου
931 3600 1025 3684 τηθις
1045 3588 1214 3682 ἀδελφή
1190 3621 1235 3681 ην

289 3696 471 3788 ὁμοπατρία
498 3706 551 3770 καὶ
573 3698 806 3787 ὁμομητρία
775 3724 820 3765 τω
841 3697 1016 3782 Πολέμωνι
1036 3704 1084 3784 τῷ
1102 3692 1234 3778 Ἁγνίου
