3159 4409
306 501 370 566 τοι
405 533 409 547 ·
558 497 1004 578 [ΔΗΜοΣοΕΝονΣ]

307 659 352 730 άν
362 661 581 749 καταράσαιτό
593 687 641 739 τις
651 660 756 750 αὐτῷ,
774 655 869 726 ταῦτ’
882 661 918 724 ἐκ
930 659 1150 744 προαιρέσεως
1161 669 1253 723 ποιεῖ.

267 760 426 848 11ἐχθρός
442 765 504 847 μέν
520 763 588 828 ε’στι
604 773 672 838 τοῖς
687 765 839 844 γονεῦσι,
861 763 957 842 φίλος
973 755 1195 842 όὲΠαυσανίηι
1211 761 1255 844 τῷ

307 860 436 949 πόρνφ·
457 861 512 925 καί
528 858 733 941 θρασύνεται
749 858 809 942 μὲν
827 851 871 934 ὦς
892 851 995 940 ἀνὴρ,
1017 853 1133 938 πάσχει
1156 851 1189 919 δ’
1213 850 1255 930 ὡς

306 959 408 1044 ’γυνή’
431 956 630 1043 καίτοῦμόν
641 955 764 1043 πατρός
776 960 845 1024 ἐστι
861 958 1033 1041 κρείττων,
1044 961 1112 1020 τῶν
1132 951 1164 1026 δ’
1183 957 1255 1019 αίσ-

307 1064 398 1144 χράν
417 1054 541 1141 ἥττων·
572 1050 622 1134 οἷς
634 1051 666 1122 δ’
679 1052 744 1122 ὑπό
756 1054 891 1121 πάντων
903 1057 1165 1137 δυσχεραίνεται,
1176 1052 1255 1118 τού-

307 1182 376 1234 τοις
386 1153 448 1242 την
459 1154 610 1222 διάνοιαν
621 1152 796 1238 ἀγάλλεται
802 1202 812 1238 ,
824 1150 1134 1238 αίσχρορρημοσόνη
1145 1153 1200 1217 καί
1210 1156 1253 1238 τῷ

308 1260 493 1342 διηγεῖσθαι
509 1250 601 1322 ταῦτ’
620 1251 673 1339 ἐφ’
693 1249 742 1332 οίς
752 1249 911 1337 άλγοῦσιν
923 1255 957 1318 οί
965 1248 1159 1328 ἀκούοντες·
1182 1245 1254 1333 ὁδ’,

267 1352 352 1433 ικοός
375 1352 502 1441 άφελης
521 1355 577 1421 καὶ
601 1357 783 1439 παρρησίας
801 1349 935 1437 μεστός,
958 1348 999 1416 οὐ
1020 1348 1171 1444 παύεται.
1203 1349 1257 1415 καί

307 1462 411 1522 ταῦτα
428 1451 490 1521 οόκ
502 1448 544 1520 άν
555 1458 699 1538 ἔγραψα,
722 1457 753 1520 εί
762 1449 807 1538 μὴ
818 1457 950 1537 κινῆσαι
962 1449 1022 1536 τὴν
1032 1453 1070 1516 ἐν
1079 1445 1163 1534 ὑμῖν
1172 1445 1256 1533 μνή-

308 1580 374 1640 μην
389 1560 459 1620 τάν
475 1551 670 1636 προσόντων
688 1548 778 1641 αὐτῷ
794 1557 906 1617 κακῶν
928 1547 1123 1636 ἐβουλόμην.
1156 1543 1177 1613 ά
1194 1546 1255 1631 γάρ

308 1658 412 1720 είπεῖν
428 1650 472 1718 άν
487 1677 537 1730 τις
548 1648 687 1737 όκνήσαι
698 1651 753 1717 καί
764 1649 889 1736 γράψαι
901 1643 1072 1734 φυλάξαιτ’
1086 1642 1146 1733 άν,
1169 1644 1258 1731 οἶμαι

308 1751 344 1817 δὲ
355 1745 419 1817 κάν
430 1748 620 1817 ἀκούσαντα
630 1753 838 1835 δυσχερᾶναι,
848 1754 951 1815 ταῦτα
962 1744 1027 1814 άπό
1035 1744 1167 1814 τούτων
1174 1771 1257 1831 μνη-

309 1849 402 1927 σθείς
419 1847 508 1915 οἶδεν
524 1851 660 1926 ἕκαστος
680 1846 776 1933 ὑμῶν
787 1844 893 1914 πολλὰ
904 1849 959 1914 καὶ
971 1844 1063 1913 δεινά
1074 1845 1129 1912 καί
1141 1841 1256 1930 αίσχρά

307 1945 414 2032 τούτῳ
426 1946 630 2032 προσόντα,
633 1945 700 2013 ὥστ
704 1945 800 2032 ἐμοί
805 1972 839 2012 τε
850 1945 953 2030 μηδὲν
962 1942 1093 2022 αναιόὲς
1104 1949 1257 2030 είρησθαι

307 2046 363 2111 καί
373 2050 494 2111 τοῦτον
502 2040 683 2130 ὑπόμνημα
692 2069 761 2110 των
771 2045 890 2111 ἑαυτοῦ
901 2052 1014 2112 κακῶν
1024 2041 1175 2156 ὀφθέντα
1190 2050 1255 2109 πά-

308 2161 363 2210 σιν
375 2140 466 2210 ειναι
491 2140 701 2229 εὐτυχεῖτε.

762 2461 799 2520 Ε.

502 2625 638 2693 ΠΡΟΣ
657 2624 1056 2693 ΗΡΑΚΛΕΟΛΩΡΟΝ

345 2781 621 2834 ΔΗΜοΣοεΝΗΣ
636 2783 923 2836 ammonam
941 2785 994 2834 εν
1010 2783 1218 2836 HPATTEJN.

301 2917 390 2996 Οὐθ
408 2918 495 3000 ὅπως
505 2922 564 3008 χρὴ
579 2925 746 2991 πιστεύειν
756 2922 805 3004 οἷς
815 2923 1001 3012 ἀπήγγελλέ
1009 2950 1065 3011 μοι
1076 2926 1259 3009 Μενεκρά-

304 3045 362 3104 της
372 3016 446 3086 οὔθ’
460 3019 549 3098 ὅπως
568 3015 719 3088 άπιστεῖν
736 3029 808 3109 ἔχω.
843 3029 905 3110 ἔφη
916 3023 981 3109 γάρ
989 3023 1155 3110 Ἐπίτιμον
1165 3029 1258 3093 ἐνδε-

306 3121 434 3203 δεϊχθαι
451 3119 513 3204 μὲν
531 3122 585 3187 καὶ
596 3118 743 3207 ἀπῆχθαι
755 3120 985 3211 ὑπόἉράτου,
1008 3124 1044 3191 σε
1057 3122 1258 3208 δὲάγωνιζε-

306 3223 386 3280 σθαι
397 3219 452 3282 καὶ
463 3214 619 3285 ἁπάντων
631 3216 720 3309 αὐτῷ
731 3223 961 3304 χαλεπώτατον
973 3221 1064 3290 εἶναι.
1088 3225 1207 3309 δέομαι
1218 3222 1258 3309 δή
1268 3227 1317 3284 149⁴

306 3330 368 3375 σου
380 3312 462 3396 πρὸς
471 3314 553 3395 Διός
564 3322 673 3396 ξενίου
684 3321 738 3387 καί
750 3320 886 3388 πάντων
896 3347 964 3389 των
976 3330 1075 3408 θεων,
1089 3322 1136 3408 μή
1146 3349 1188 3409 με
1199 3349 1259 3390 κα-

279 3411 565 3501 ηταστησιςαηόει
573 3418 628 3484 καὶ
637 3422 734 3484 δεινω
743 3421 859 3505 μηδενί
869 3428 1032 3508 περιπετη
1051 3414 1091 3488 εὖ
1098 3423 1173 3506 γάρ-
1170 3432 1258 3506 ἴσθι,

303 3507 402 3591 χωρὶς
417 3519 478 3576 τοῦ
494 3518 605 3598 μέλειν
615 3542 671 3600 μοι
682 3542 739 3602 της
747 3515 912 3604 Ἐπιτίμου
923 3526 1085 3606 σωτηρίας
1095 3523 1152 3588 καὶ
1162 3528 1261 3626 νομί-

303 3623 359 3670 σαι
376 3607 561 3693 μεγάλην”
539 3640 582 3680 αν
599 3615 794 3703 συμφοράν,
818 3626 851 3685 εί
857 3645 887 3687 τι
899 3619 1003 3686 πάθοι
1013 3623 1068 3686 καὶ
1080 3621 1206 3688 τούτου
1217 3643 1260 3687 συ

303 3708 470 3784 συναίτιος
487 3717 616 3795 είης,α
596 3715 793 3801 αἰσχύνομαι
810 3743 888 3797 τους
905 3718 1099 3798 σννειδοτας
1108 3745 1168 3805 μοι
1179 3722 1260 3800 τούς
