3159 4409
602 496 917 561 ΕΡΩΤΙΚΟΣ.
1174 505 1237 571 335

287 652 400 741 λόγοις
409 652 451 721 οὐ
462 663 520 741 της
533 662 592 740 σης
604 653 763 741 ἀφελείας
773 657 881 744 ἕνεκα,
892 655 1155 744 ἀλλ’,ίπιδείξεως
1164 669 1237 735 ἐπι-

286 760 426 839 θυμεῖν,
449 757 504 820 ίνοι
521 751 601 838 μήτε
617 754 798 842 διαμάρτῃς
813 762 871 841 τῆς
881 753 1055 845 ἀληθείας,
1076 760 1154 847 μήτ’
1164 761 1236 832 ἀντὶ

288 859 356 919 τῶν
373 857 552 938 βελτίστων
569 849 610 919 τά
628 851 768 938 τυχόντα
785 851 939 938 ἑλόμενος
948 868 1059 941 χεῖρον
1068 861 1144 940 περὶ
1154 880 1237 927 σαυ-

243 967 279 1021 35
287 960 349 1020 τοῦ
367 951 549 1038 βουλεύσῃ·
572 954 628 1019 καί
638 949 710 1036 γάρ
725 963 794 1030 τοίς
810 951 871 1038 μὲν
888 949 1003 1037 ἀφανῆ
1014 956 1068 1022 καί
1079 954 1237 1044 ταπεινὴν

288 1054 350 1138 την
371 1051 476 1135 φύσιν
490 1055 622 1136 ἔχουσιν
638 1046 712 1119 οὐδ’
732 1048 813 1118 ὅταν
829 1049 873 1137 μὴ
891 1059 1002 1130 καλῶς
1022 1078 1053 1119 τι
1069 1052 1238 1135 πράξωσιν
1246 1065 1313 1120 1412

288 1151 544 1237 ἐπιπλήττομεν,
559 1162 628 1227 τοίς
638 1146 670 1216 δ’
684 1146 795 1235 α’ίσπερ
809 1147 853 1217 σύ
864 1152 1090 1237 περιβλέπτοις
1100 1177 1246 1239 γεγενη-

287 1251 397 1336 μένοις
406 1249 461 1316 καί
470 1245 508 1316 τδ
521 1253 750 1334 παραμελῆσαί
755 1272 846 1327 τινος
853 1256 922 1315 τοῖν
930 1256 1114 1320 καλλίστων
1123 1249 1238 1336 αἰσχύ-

287 1374 351 1433 νην
369 1352 470 1434 φέρει.
505 1351 552 1414 ἐτι
569 1342 601 1414 δ’
620 1351 654 1414 οί
667 1345 728 1432 μὲν
745 1349 799 1413 ἐπὶ
816 1353 885 1435 τοῦν
894 1345 1008 1414 ἀλλων
1023 1346 1134 1433 λόγων
1154 1363 1238 1429 ψευ-

287 1449 424 1525 σθέντες
439 1443 518 1514 καθ’
540 1442 613 1524 ἑνὸς
630 1446 738 1531 μόνου
755 1444 946 1530 πράγματος
961 1442 1004 1511 οὕ
1020 1444 1061 1512 τά
1081 1449 1237 1532 κράτιστα

287 1550 445 1630 ἔγνωσαν·
460 1549 494 1610 οί
499 1544 534 1612 δέ
540 1552 598 1630 τῆς
604 1552 673 1611 τοῖν
679 1543 945 1628 ἐπιτηδευμάτων
956 1552 1159 1633 συμβουλίας
1165 1550 1237 1613 δια-

289 1643 468 1730 μαρτόντες
481 1638 504 1726 ἦ
515 1641 828 1727 καταφρονήσαντες
838 1639 918 1725 παρ’
931 1639 1012 1709 ὅλον
1023 1638 1085 1710 τὸν
1094 1650 1170 1729 βίον
1180 1652 1237 1730 τῆς

289 1743 420 1808 ἑαυτῶν·
427 1738 592 1827 ἀγνωσίας
603 1737 824 1825 ὑπομνήματα
834 1743 975 1824 ἔχουσιν.

243 1864 279 1918 36
375 1839 512 1914 Τούτων
520 1839 583 1924 μὲν
592 1832 658 1906 οὖν
667 1835 768 1906 οὐδὲν
777 1842 875 1907 δεῖσε
884 1848 1023 1923 παθεῖν,
1040 1849 1237 1909 σκοπεῖσθαι

286 1939 324 2008 δὲ
333 1945 368 2006 τί
374 1946 443 2006 τῶν
453 1936 673 2021 ἀνθρωπείων
682 1944 841 2024 μεγίστην
849 1937 992 2024 δύναμιν
1000 1942 1074 2025 ἔχει,
1086 1939 1140 2006 καί
1147 1946 1237 2017 τίνος

286 2045 396 2115 καλῶς
410 2034 813 2123 μὲνάποβάντοςπλεῑσί
836 2032 881 2103 ἀν
902 2047 1140 2124 κατορθοῖμεν,
1163 2041 1248 2131 δια-Ι

287 2137 475 2222 φθαρέντος
492 2138 528 2202 δὲ
545 2134 670 2221 μέγιστ’
681 2131 725 2203 ἀν
736 2143 964 2222 βλαπτοίμεθα
974 2136 1063 2221 παρά
1074 2134 1133 2204 τὸν
1143 2143 1234 2223 βίον·

287 2232 329 2301 οὐ
338 2231 402 2319 γάρ
413 2231 538 2319 ἀδηλον
548 2232 600 2299 ὅτι
609 2233 731 2301 τούτου
741 2237 796 2301 καὶ
807 2234 931 2319 μάλιστ’
944 2238 1130 2321 ἐπιμέλειαν
1139 2261 1236 2322 ποιη-

286 2336 379 2417 τέον,
389 2329 410 2399 δ
420 2337 576 2418 μεγίστην
586 2329 694 2416 ῥοπὴν
704 2329 752 2414 ἐφ’
766 2332 923 2414 ἑκάτερον
933 2332 1167 2416 ἐνεργάζεσθαι
1177 2336 1236 2401 πί-

245 2448 279 2504 37
290 2456 406 2516 φυκεν.
438 2437 505 2496 των
516 2428 576 2514 μὲν
588 2436 705 2495 τοίνυν
715 2431 751 2495 ἐν
762 2425 955 2514 ἀνθρώποις
966 2427 1116 2496 διάνοιαν
1127 2427 1236 2498 ἀπάν-

287 2556 355 2598 των
366 2523 840 2614 εὖρησομενὴγεμονεύουσαν,
851 2525 975 2611 ταύτην
988 2529 1024 2593 δέ
1035 2535 1235 2613 φιλοσοφίαν

285 2627 393 2714 μόνην
409 2631 588 2693 παιδεῦσαί
600 2648 636 2690 τε
655 2621 768 2707 ὀρθῶς
779 2625 835 2690 καί
853 2623 1020 2709 γυμνάσαι
1036 2627 1234 2712 δυναμένην.

285 2718 325 2811 ἧς
347 2725 443 2810 οίμαί
468 2746 505 2790 σε
524 2728 593 2803 δείν
609 2737 796 2810 μετασχεῖν,
816 2726 871 2792 καί
886 2720 931 2809 μὴ
942 2730 1142 2810 κατοκνῆσαι
1154 2728 1236 2812 μηδὲ

282 2838 409 2908 ,φυγεῖν
425 2825 483 2903 τὰς
498 2822 639 2902 ἐνούσας
657 2825 694 2890 ἐν
711 2821 797 2910 αὐτῇ
807 2829 1041 2909 πραγματείας,
1065 2822 1236 2908 ἐνθυμού-

288 2946 391 3007 μενον
406 2921 458 2990 ὅτι
474 2923 528 2991 διά
545 2925 606 3009 μὲν
622 2920 739 3007 ἀργίας
756 2924 812 2990 καί
822 2926 988 3012 ῥᾳθυμίας
997 2924 1053 3006 καὶ
1062 2923 1103 2990 τά
1114 2946 1236 2990 παντε-

287 3027 353 3098 λῶς
370 3023 524 3108 ἐπιπολῆς
541 3020 742 3106 δυσχείρωτά
759 3025 841 3108 ἐστι,
864 3020 918 3088 διά
936 3023 972 3087 δὲ
989 3027 1161 3107 καρτερίας
1180 3023 1235 3089 καὶ

286 3125 483 3205 φιλοπονίας
499 3116 600 3188 οὐδὲν
615 3145 683 3186 τιν
698 3117 806 3189 ὅντων
823 3119 964 3204 ἀγαθοῖν
983 3116 1157 3186 ἀνάλωτον
1175 3124 1235 3187 πέ-

243 3228 278 3282 38
285 3218 383 3304 φυκε,
395 3221 449 3286 καί
460 3217 543 3287 διότι
553 3215 687 3286 πάντων
698 3217 910 3306 ἀλογώτατόν
917 3221 986 3286 ἐστι
996 3215 1079 3304 πρὸς
1087 3219 1236 3305 μδνχρη-

285 3315 450 3404 ματισμδν
467 3319 523 3386 καί
539 3317 654 3405 ὁοίμην
670 3324 726 3387 καί
742 3319 784 3389 τά
802 3326 937 3387 τοιαῦτα
954 3325 1133 3405 φιλοτίμως
1149 3324 1234 3405 ἐχειν

285 3419 340 3485 καὶ
356 3413 481 3496 πολλάς
496 3414 674 3503 ὑπομένειν
689 3423 929 3504 κακοπαθείας,
952 3415 975 3484 ἀ
997 3417 1105 3486 πάντα
1125 3418 1234 3504 θνητά

285 3517 416 3584 ἐστικαὶ
426 3523 468 3604 τῇ
479 3520 608 3605 διανοίᾳ
621 3518 794 3585 δουλεύειν
806 3526 915 3602 είωθε,
927 3513 990 3600 τὴν
1001 3514 1030 3583 δ’
1040 3519 1234 3586 ἐπιστατοῦ-

287 3635 349 3680 σαν
366 3613 426 3697 μδν
441 3623 509 3682 τῶν
526 3614 651 3702 ἄλλων,
674 3619 956 3683 συνδιατελοῦσαν
967 3619 1003 3684 δὲ
1013 3629 1080 3695 τοῖς
1091 3623 1232 3702 ἔχουσιν,

284 3700 368 3776 ὅλου
384 3709 415 3776 δ’
433 3708 704 3800 ἡγεμονεύουσαν
721 3722 781 3782 τοῦ
798 3720 874 3801 βίου
890 3713 934 3802 μὴ
942 3720 1052 3803 Ιζητεῖν
1062 3714 1151 3792 ὅπως
1162 3717 1231 3783 δια-
1242 3724 1310 3784 1413
