3159 4409
298 478 360 543 122
488 473 602 540 x'Lvnl.
625 480 1046 544 ΔΗΜΟΣΘΕΝΟῬΣ

378 636 573 726 Ἀναγκαῖον
591 649 669 719 ἰσως
686 643 789 726 ἐστὶν,
819 631 848 706 ω’
863 641 983 727 ἄνδρες
999 644 1164 726 δικασταὶ,
1193 646 1251 711 καί
1260 650 1320 708 1167

295 734 376 818 τοὺς
386 737 429 825 μὴ
442 739 603 817 εἰωθότας
619 738 701 825 μηδὲ
719 743 927 825 δυναμένους
938 745 1042 808 εἰπεῖν
1052 745 1190 809 εἰσιέναι
1202 747 1263 829 εἰςΙ

298 837 523 925 δικαστήριον,
542 834 754 906 ἐπειδάνύπό
765 863 855 917 τινος
872 837 1067 925 άδικοίνται,
1087 837 1196 920 άλλως
1214 865 1251 910 τε

296 941 351 1006 καί
361 934 415 1023 ὑφ’
431 930 479 1005 ὦν
489 934 608 1024 ἥκιστα
618 936 778 1024 προσήκει
795 935 999 1025 άδικείσθαι,
1021 933 1093 1008 οἷον
1109 941 1166 1008 καί
1176 938 1250 1026 ἐμοὶ

296 1038 372 1104 νυνί
390 1043 573 1123 συμβαίνει.
606 1033 648 1103 ού
665 1034 869 1122 βουλόμενος
878 1033 960 1123 γάρ,
984 1029 1141 1122 άάνδρες
1152 1040 1249 1104 δικα-

296 1136 384 1218 σταὶ,
406 1132 627 1219 άγωνίζεσθαι
646 1132 729 1217 πρὸς
742 1132 1015 1221 Ὀλυμπιόδωρον
1032 1140 1155 1208 οἰκεῖον
1165 1131 1249 1204 ὄντα

295 1235 349 1301 καὶ
366 1231 515 1319 ἀδελφὴν
531 1232 654 1301 τούτου
672 1239 772 1318 έχων,
794 1230 1007 1320 ἠνάγκασμαι
1018 1232 1072 1302 διά
1083 1233 1120 1302 τό
1133 1229 1247 1320 μεγάλ’

268 1332 483 1405 θάδικείσθαι
493 1330 559 1401 ὑπὸ
571 1332 704 1400 τούτου.
730 1334 831 1418 εἰμὲν
841 1325 905 1400 οὖν
915 1330 960 1419 μὴ
971 1330 1210 1420 ἀδικούμενος,
1222 1324 1251 1401 οἰ

296 1431 415 1520 ἄνδρες
427 1434 587 1518 δικασταὶ,
594 1429 678 1500 άλλά
690 1431 813 1511 ύεύδός
822 1457 854 1499 τι
865 1435 1013 1517 ἐγκαλῶν
1021 1429 1249 1518 Ὀλυμπιοδώ-

295 1557 342 1620 ρῳ
353 1530 481 1599 τούτων
492 1558 524 1598 τι
535 1532 681 1616 ἐποίουν,
697 1526 799 1616 ἦτοίς
810 1533 1003 1617 ἐπιτηδείοις
1012 1542 1080 1609 τοίς
1090 1532 1181 1616 ἐμοῖς
1191 1528 1249 1598 καί

291 1629 563 1716 Ὀλυμπιοδώρου
573 1627 618 1717 μή
631 1632 758 1698 ἐθέλων
775 1631 975 1715 ἐπιτρέπειν,
996 1624 1019 1714 ἢ
1036 1626 1141 1696 άλλον
1157 1625 1249 1707 τινὸς

294 1735 362 1796 των
373 1733 511 1796 δικαίων
521 1727 763 1815 ἀφιστάμενος,
783 1721 823 1796 εὖ
842 1738 911 1796 ἰστε
921 1728 972 1796 ὅτι
983 1729 1074 1796 πάνυ
1086 1723 1130 1795 άν
1141 1725 1247 1816 ᾐσχυ-

295 1825 403 1911 νόμην
416 1827 471 1894 καί
486 1825 638 1912 ἐνόμιζον
650 1823 694 1893 άν
709 1825 853 1912 ἐμαυτὸν
870 1835 1003 1912 φαύλου
1013 1827 1097 1895 εἶναι
1106 1826 1248 1911 άνθρω-

295 1949 375 1992 πον·
397 1932 463 1992 νῦν
480 1922 512 1991 δ’
525 1923 602 1992 οὔτε
619 1924 719 2010 μικρά
739 1925 975 2011 ἐλαττούμενος
993 1923 1059 1993 ύπό
1070 1923 1248 2010 Ὀλυμπιο·

296 2023 418 2110 δύρου,
430 2020 507 2092 ούτε
520 2022 719 2111 διαλλακτὴν
729 2022 852 2093 οὐδένα
863 2025 1017 2110 φεύγων,
1035 2023 1112 2097 οὔτε
1130 2021 1176 2110 μά
1187 2025 1248 2091 τὸν

294 2129 360 2190 Διά
370 2119 431 2190 τὸν
441 2125 596 2210 μέγιστον
607 2121 709 2208 ἐπάν,
723 2120 791 2193 ἀλλ’
802 2120 852 2202 ’ὡς
862 2119 934 2192 οἷόν
947 2148 982 2191 τε
992 2124 1133 2209 μάλιστα
1143 2123 1246 2209 άκων,

293 2218 504 2308 ἠνάγκασμαι
521 2219 587 2289 ὑπὸ
605 2221 728 2289 τούτου
745 2219 966 2306 άγωνιζεσθαι
982 2219 1108 2307 ταύτην
1123 2219 1247 2308 τὴνδί-

268 2340 366 2405 3κην.
390 2322 503 2405 δέομαι
513 2312 578 2387 οὖν
588 2317 701 2406 ὑμῶν,
718 2313 746 2388 ὦ
762 2319 882 2404 άνδρες
898 2323 1063 2407 δικασταὶ,
1075 2319 1247 2390 άκούσαν·

293 2446 351 2499 τας
362 2416 559 2506 ἀμφοτέρων
568 2417 665 2506 ἡμῶν
675 2421 730 2488 καί
739 2417 862 2499 αύτούς
872 2418 1072 2507 δοκιμαστὰς
1083 2427 1144 2487 τού
1157 2419 1247 2506 πρά-

293 2518 1248 2606 γματοςγενομένουςμάλισταμένδιαλλάξανταςάποπέμ-

293 2631 353 2697 ναι
368 2618 423 2685 καὶ
441 2616 615 2703 εὐεργέτας
630 2615 725 2706 ἡμῶν
749 2617 949 2705 άμφοτέρων
968 2616 1053 2705 ὑμᾶς
1073 2620 1244 2705 γενέσθαι,

293 2713 352 2782 ἐὰν
364 2713 395 2782 δ’
405 2716 470 2801 άρα
481 2717 525 2802 μὴ
538 2717 771 2804 ἐπιτυγχάνητε
782 2717 916 2804 τούτου,
925 2721 961 2786 ἐκ
972 2725 1040 2787 τῶν
1051 2716 1247 2787 ὑπολοίπων
1255 2731 1318 2791 1168

294 2820 338 2903 τῷ
349 2811 389 2880 τά
402 2817 512 2880 δίκαια
528 2817 658 2899 λέγοντι
674 2816 781 2907 τούτῳ
800 2816 862 2904 τὴν
873 2827 988 2905 ψῆφον
998 2814 1085 2904 ὑμᾶς
1095 2819 1246 2904 προσθέ-

293 2922 383 2980 σθαι.
418 2921 550 2996 πρῶτον
571 2914 633 3000 μέν
654 2907 718 2984 οὖν
739 2923 920 3003 μαρτυρίας
942 2913 1172 3003 άναγνάσεται
1194 2915 1248 2989 ὅτι

293 3008 355 3079 οὐκ
373 3008 437 3098 ἐγω
459 3012 563 3091 αἰτιός
584 3019 649 3100 εἰμι
669 3023 731 3083 τού
748 3021 794 3094 εἰς
808 3013 846 3082 τό
867 3015 1079 3104 δικαστήριον
1097 3019 1244 3103 εἰσιέναι,

292 3105 360 3176 ἀλλ’
373 3102 471 3189 οὗτος
483 3107 592 3190 αύτός.
616 3116 690 3200 λέγε
700 3113 956 3200 τάςμαρτνρίας.

632 3220 892 3281 MAPTYPIAI.

264 3325 282 3377 4
365 3305 437 3376 Ὅτι
452 3310 515 3395 μέν
530 3302 609 3398 ούν,
629 3303 656 3378 οἰ
673 3309 793 3394 ἄνδρες
810 3314 975 3399 δικασταὶ,
998 3314 1053 3382 καί
1063 3317 1178 3400 μέτρια
1189 3314 1246 3383 καὶ

291 3403 501 3491 προσήκοντα
513 3407 775 3496 προύκαλούμην
783 3408 1060 3499 Ὀλυμπίόδωρον,
1072 3413 1246 3499 μεμαρτύ-

291 3530 386 3591 ρηται
396 3503 462 3575 ὑπὸ
475 3517 542 3577 τοῖν
551 3511 839 3596 παραγενομένων.
858 3507 920 3579 ούκ
930 3514 1105 3590 ἐθέλοντος
1115 3515 1153 3579 δὲ
1162 3511 1245 3579 τού-

216 3670 221 3681 ,
289 3629 351 3671 του
369 3601 443 3671 οὐδ’
462 3603 575 3678 ὁτιοῦν
595 3623 702 3678 ποιείν
721 3618 789 3677 τοῖν
810 3613 948 3677 δικαίων
969 3607 1153 3694 άναγκαίόν
1166 3613 1243 3678 ἐστι
1303 3677 1308 3686 ,

290 3703 373 3788 πρὸς
383 3701 468 3791 ὑμᾶς
478 3709 587 3792 λέγειν
597 3712 671 3795 περί
684 3701 734 3777 οἷν
750 3707 929 3795 ἀδικοῦμαι
940 3705 1005 3778 ὑπὸ
1016 3706 1245 3796 Όλυμπιοδά-
