3159 4409
580 444 867 558 ἘΠΙΣΤΟΛΗ
880 499 927 557 111.
999 492 1012 511 ‘
1172 495 1234 564 395

249 671 279 728 17
287 656 516 744 ἐδημηγόρουν
522 705 532 741 ,
549 661 583 723 τί
590 655 711 741 δῇποτε
722 652 783 740 ούχ
794 653 931 737 έύρατά
943 660 1052 724 δίκαια
1062 665 1174 725 ταῦτα.
1206 663 1238 725 εί

287 758 324 824 δὲ
343 755 386 842 μὴ
405 755 504 846 φύσει
513 752 582 824 τότ’
594 753 723 840 ἀρχειν,
741 751 820 822 οὐδὲ
830 756 939 838 λέγειν
949 759 985 822 ἔκ
996 780 1033 841 με
1044 762 1111 823 τῶν
1122 755 1236 840 νόμων

288 852 380 944 αὐτῇ
395 855 563 942 προσήκει.
596 849 766 932 ἀστικοῖς
784 861 859 920 ἴσον
874 853 942 920 ἐστὶ
952 850 1030 931 τούς
1040 851 1102 937 μέν
1113 850 1236 936 ἀρχειν,

289 948 337 1031 οἷς
358 952 440 1038 μηδὲ
460 956 568 1038 λέγειν
588 955 706 1035 ἔξεστι,
726 947 805 1028 τούς
821 952 857 1019 δὲ
874 953 1045 1038 δεδέσθαι,
1068 941 1118 1018 οἷν
1131 950 1236 1020 πολλὰ

287 1051 445 1137 χρήσιμος
458 1043 505 1138 ῇν
520 1047 600 1135 ύμῖν
611 1045 628 1117 ὁ
641 1048 764 1136 πατῇρ;
787 1046 852 1134 ἐγώ
864 1050 925 1134 μὲν
935 1046 997 1116 οάκ
1009 1053 1071 1134 έχω
1083 1054 1239 1139 συλλογί-Ι

246 1169 280 1224 18
289 1160 423 1234 σασθαι,
437 1154 467 1217 εί
476 1147 519 1236 μῇ
532 1156 630 1217 τοῦτο
642 1151 741 1228 δεῖξαι
753 1143 893 1234 δημοσίᾳ
904 1146 1086 1232 βούλεσθε,
1099 1143 1149 1213 ὅτι
1159 1150 1238 1232 βδε·

287 1259 385 1335 λυρία
393 1253 448 1318 καὶ
457 1247 607 1316 ἀναίδεια
615 1247 866 1335 κἀλπροαίρεσις
876 1251 1035 1330 πονηρίας
1045 1249 1083 1313 έν
1092 1251 1133 1332 τῇ
1144 1245 1238 1312 πόλει

287 1349 392 1433 ίσχύει
413 1349 468 1416 καὶ
489 1352 697 1434 διασωθῆναι
717 1351 820 1424 πλείω
845 1349 1048 1430 προσδοκίαν
1071 1348 1150 1428 ἔχει,
1174 1340 1237 1410 κάν

286 1474 318 1514 τι
335 1453 446 1534 συμβῇ
462 1444 606 1532 χαλεπὸν
621 1459 690 1523 τοῖς
709 1443 888 1529 τοιούτοις,
909 1440 1070 1520 ἀπόλυσις
1081 1447 1313 1526 μίγνεται,1479

288 1548 325 1613 ἐν
343 1547 583 1630 δὲπροαιρέσει
599 1551 723 1630 χρηστῇ
739 1544 795 1611 καὶ
812 1549 873 1632 βίςο
891 1543 1043 1628 σώφρονι
1060 1542 1115 1608 καὶ
1132 1543 1238 1625 δημο-

286 1649 368 1729 τικῷ
379 1644 580 1726 προελέσθαι
591 1646 650 1726 ζῇν
661 1637 848 1727 σφαλερὰν,
869 1637 934 1708 κάν
944 1666 975 1707 τι
990 1644 1125 1725 γένηται
1140 1650 1237 1706 πταῖ-

287 1762 370 1826 σμα,
382 1739 533 1826 ἄφυκτον
543 1744 641 1807 έσται.
663 1740 665 1747 '

244 1865 279 1918 19
361 1837 432 1906 Ἔτι
442 1843 559 1906 τοίνυν
574 1835 611 1905 τὸ
628 1838 691 1922 μὲν
706 1837 750 1924 μῇ
769 1841 900 1907 δίκαιον
917 1835 1001 1904 εἶναι
1011 1834 1073 1922 τῇν
1083 1840 1237 1923 ἐναντίαν

287 1938 484 2023 δόξανέχειν
494 1932 517 2023 ῇ
529 1934 573 2024 ῇν
584 1937 788 2021 περλζοδντος
800 1934 891 2022 εἴχετ’
901 1938 1043 2020 ἐκείνου,
1053 1938 1111 2005 καὶ
1121 1936 1158 2005 τὸ
1168 1945 1236 2005 τοῖν

287 2036 566 2123 τετελευτηκότων
583 2031 605 2123 ῇ
622 2041 691 2104 τάν
699 2035 987 2119 παρόντωνπλείω
998 2046 1167 2106 ποιεῖσθαι
1177 2036 1237 2104 λύ-

286 2160 349 2220 γον
360 2138 488 2202 δίκαιον
499 2133 599 2220 εἶναι,
620 2137 676 2205 καὶ
686 2135 795 2202 πάντα
805 2134 846 2202 κά
858 2137 1123 2220 τοιαῦτα,έάσω·
1146 2133 1234 2220 παρά

286 2231 351 2318 μάρ
363 2239 467 2299 πᾶσιν
478 2229 713 2317 ὁμολογεῖσθαι
724 2240 828 2299 ταῦτα
844 2231 1025 2319 ὑπείληφα·
1049 2234 1140 2314 ὅσοις
1155 2239 1236 2320 μέν·

287 2355 338 2396 τοι
349 2326 510 2412 πατρικὰς
521 2326 708 2412 εὐεργεσίας
719 2326 1030 2413 ἀπομνημονεύσατε
1038 2332 1235 2416 τῶνάλλων,

287 2425 391 2514 ῇδέως
407 2422 451 2494 ἀν
467 2431 570 2511 ἴδοιμι
586 2423 673 2511 ἀμοῖς
683 2423 973 2513 ἀναμνησθέντας,
990 2425 1237 2514 οἷοντοῐςἉρι-

288 2531 419 2594 στείδον
435 2527 491 2594 καὶ
506 2525 753 2610 Θρασυβούλου
770 2525 826 2593 καὶ
842 2522 1068 2611 τοῖςἈρχίνου
1082 2527 1138 2597 καλ
1154 2534 1237 2594 πολ-

288 2633 358 2695 λῶν
368 2626 488 2710 ἑτέρων
498 2621 685 2708 ἀπόγόνοις.
703 2622 764 2709 ούχ
774 2620 819 2701 οἱς
828 2624 986 2710 ἐπιτιμῶν
995 2629 1030 2692 δὲ
1038 2631 1141 2694 ταῦτα
1150 2650 1237 2708 παρ-
1279 2654 1281 2657 ’

246 2725 420 2810 κοῇνεγκα.
451 2722 614 2790 τοσούτου
636 2721 701 2810 γὰρ
722 2726 787 2792 δέω
803 2730 901 2790 τοῦτο
920 2736 1029 2795 ποιεῖν
1049 2721 1133 2790 ύστε
1152 2743 1237 2809 συμ

291 2828 405 2907 φέρειν
415 2823 557 2909 μάλιστα
567 2829 608 2909 τῇ
618 2820 712 2891 πόλει
722 2820 761 2889 τά
773 2830 908 2900 τοιαῦτα
919 2829 1039 2908 κρίνω·
1060 2830 1238 2908 προκαλεσ-

289 2930 352 2987 σθε
363 2921 428 3006 γὰρ
440 2920 565 2999 πάντας
575 2922 612 2988 ἐκ
622 2920 752 2990 τούτων
765 2919 961 3006 δημοτικούς
971 2919 1070 3006 εἶναι,
1089 2917 1236 3006 ὁρῶντας

288 3018 339 3086 ὅτι
351 3015 416 3087 κάν
425 3023 463 3087 έν
474 3028 521 3107 τῷ
531 3016 606 3087 καθ’
621 3017 757 3098 ἑαυτούς
766 3025 829 3108 βίςο
839 3033 909 3098 ταῖς
919 3019 1163 3106 προσηκούσαις
1173 3015 1237 3085 αύ-

288 3124 356 3185 τοΞν
372 3131 480 3202 τιμαῖς
498 3115 515 3185 ὁ
535 3116 666 3203 φθόνος
681 3113 834 3207 ἀντιστῇ,
854 3131 921 3196 τοῖς
930 3113 1238 3202 γεπαισὶνύπάρξει

245 3213 328 3283 21τά
348 3213 561 3300 προσήκοντα
578 3211 658 3301 παρ’
670 3211 986 3301 ύμάνκομίσασθαι.
1018 3223 1089 3294 πῶς
1099 3208 1164 3283 οὖν
1174 3212 1237 3283 οὐκ

287 3311 431 3398 ἀτοπον,
454 3319 582 3398 μᾶλλον
600 3310 867 3400 δὲκαλαίοχρὸν,
889 3320 958 3382 τῶν
968 3313 1029 3400 μὲν
1039 3313 1151 3381 ἀλλων
1160 3314 1235 3397 τισὶ,

288 3412 343 3479 καὶ
360 3417 512 3478 παλαιῶν
530 3408 637 3478 ὄντων
653 3418 721 3489 τεᾶν
743 3413 876 3496 χρόνων
896 3410 977 3481 καθ’
1002 3409 1061 3492 οὓς
1083 3415 1236 3499 ἐγένοντο

287 3510 466 3595 χρήσιμοι,
477 3509 531 3577 καλ
547 3507 592 3576 δι’
613 3501 661 3577 ω’ν
679 3508 816 3577 ἀκούετε
833 3507 892 3588 τάς
903 3507 1105 3598 εὐεργεσίας,
1129 3509 1192 3580 ούκ
1203 3515 1237 3590 ἐξ

289 3599 339 3674 οἷν
356 3606 512 3691 έοράκατε
522 3605 766 3695 ἀπειληφότας,
787 3605 877 3693 ὅμως
886 3607 949 3695 τῇν
960 3613 1089 3682 δικαίαν
1101 3609 1238 3678 εύνοιαυ

288 3706 475 3795 διασώζειν,
497 3708 684 3797 Λυκούργῳ
701 3705 731 3774 δ’
752 3705 858 3788 οὕτως
868 3703 1032 3793 ύπογνίον
1042 3711 1098 3778 καὶ
1108 3713 1238 3792 τῇς-πο·
