3159 4409
339 507 380 573 αα
540 509 631 567 ιαια.
665 502 1098 598 Δωωοεοααονα
1171 471 1175 475 ’
1218 509 1223 519 ·

337 668 594 748 παιδόςτουτουὶ
602 662 663 734 τόν
671 672 806 750 κληρον,
813 662 923 749 ἐπειδη
933 666 1082 747 ἐνίκησεν
1090 663 1127 728 ἐν
1134 686 1180 747 τῳ
1168 665 1286 727 δικα-

337 775 458 857 στηρίω
469 764 616 843 ἅπαντας
627 761 1057 882 τοδςᾶμφισβητήσαντας
1040 769 1156 846 εαυτῇ,
1181 757 1286 836 οὕτως

335 870 398 935 εἰσὶ
408 855 572 952 μιαροὶ
529 888 632 948 ουτοι,
645 858 750 929 καῖ’
711 886 773 928 ουκ
784 870 911 928 οἴονται
923 859 1048 928 δεῖν
1005 886 1082 928 ουτε
1093 873 1161 937 τοῖς
1171 859 1286 944 νόμοις

314 998 316 1005 ·
335 979 403 1042 τοῖς
418 960 587 1049 ὑμετέροις
603 967 787 1036 πεύθεσθαι
798 959 875 1027 οὔτε
890 975 957 1039 τοῖς
972 961 1206 1045 μνωσδεῖσιν’
1190 985 1227 1026 εν
1237 983 1288 1046 τω
1271 965 1362 1023 1002

336 1067 550 1150 δικαστηρίῳ,
560 1059 644 1128 ἀλλὰ
656 1060 764 1126 πάντα
774 1058 899 1146 τρόπον
910 1064 1151 1146 ἐπιχειροῦντες
1163 1055 1285 1141 α’φελέ-

337 1171 417 1228 σθαι
426 1159 526 1226 παλιν
536 1184 598 1244 την
609 1171 750 1242 γυναικα
758 1184 818 1225 τον
826 1156 980 1244 κληρον
960 1185 1001 1225 ον
1010 1173 1101 1243 υμεις
1109 1183 1192 1245 αυτῃ
1181 1159 1285 1243 έψη

312 1265 489 1346 γφίσασθε,
505 1255 750 1342 συνομόσαντες
760 1280 815 1323 και
804 1254 997 1342 σννθηκας
1006 1256 1193 1341 νραυαντες
1202 1280 1284 1338 προς

267 1356 499 1442 ἀλλήλους
519 1356 575 1423 καὶ
596 1357 817 1440 καταθέμενοι
834 1354 922 1438 παρὰ
939 1361 1062 1446 Μηδίῳ
1091 1356 1282 1443 Ἁγνουσίῳ,

336 1455 531 1542 Θεόπομπος
542 1481 565 1523 ο
555 1452 716 1522 ’τουτονὶ
732 1452 839 1540 πατὴρ
855 1455 1084 1540 Μακαρτάτου
1100 1456 1155 1521 καὶ
1170 1453 1284 1522 Γλαό-

334 1581 405 1624 κων
421 1559 475 1644 καὶ
485 1551 668 1633 Γλαυκος’
651 1578 672 1623 ο
688 1551 888 1639 ἡττηθεὶςτο
879 1551 1079 1638 πρότερον,
1103 1554 1188 1620 καὶ”
1169 1550 1285 1637 ετερόν

333 1680 408 1721 τινα
418 1659 486 1719 τῶν
496 1655 687 1737 ἐπιτηδείων
697 1655 853 1735 τέταρτον
863 1652 1107 1739 προσλαβόντες
1118 1649 1285 1739 (Εὐπόλε-

300 1771 302 1774 ⁴
334 1776 396 1836 μος
406 1742 451 1835 ἦν
462 1747 553 1837 αὐτῷ
564 1747 702 1834 ὄνομα),
722 1740 815 1817 οὗτοι
826 1748 968 1828 ἅπαντες
979 1758 1077 1837 κοινῇ
1087 1748 1284 1836 ἐπιβουλεύ-

333 1870 449 1925 σαντες
459 1849 741 1932 προσεκαλέσαντο
752 1845 814 1933 τήν
824 1863 966 1932 γυναῖκα
977 1850 1059 1932 πρὸς
1069 1847 1283 1933 τόνόρχοντα

333 1954 379 2027 εἰς
397 1951 604 2014 διαδικασίαν
619 1953 680 2013 τοῦ
701 1947 829 2031 κλήρου
849 1955 911 2013 τοῦ
925 1944 1073 2033 Ἁγνίου,
1097 1946 1284 2031 φάσκοντες

332 2046 392 2112 τόν
419 2044 525 2129 νόμον
551 2043 699 2112 κελεύειν
720 2042 808 2128 παρὰ
824 2052 894 2128 τοῦ
914 2047 1206 2131 ἐπιδεδικασμένου
1228 2045 1283 2110 καὶ

333 2148 463 2228 ἔχοντος
479 2141 538 2209 τόν
555 2151 681 2228 κλῆρον
692 2152 968 2229 προσκαλεῖσθαι,
992 2144 1051 2211 ἐόν
1062 2170 1112 2222 τις
1122 2141 1283 2228 βούληται

305 2238 559 2330 θόιμφισβητεῖν.
587 2242 641 2307 καὶ
652 2239 761 2326 ἐπειδὴ
773 2233 855 2327 ἦγεν
867 2239 885 2308 ὁ
897 2240 1010 2363 ἄρχων
1021 2245 1066 2319 εἰς
1076 2239 1113 2308 τό
1125 2240 1282 2326 δικαστή-

332 2365 407 2427 ριον
416 2365 470 2406 και
459 2340 544 2406 ἔδει
554 2336 833 2424 οἷμωνίζεσδαι,τό
842 2366 878 2407 τε
887 2333 1022 2426 όλλαιῖν
1031 2338 1112 2408 αὐτο
1113 2339 1282 2418 ῖςόέπαντα

331 2442 619 2524 κατεσκευασμένα
636 2445 681 2518 εἰς
698 2438 760 2508 τόν
770 2437 903 2526 όνωνα,
916 2442 971 2509 και
980 2467 1018 2508 το
1008 2437 1144 2523 ὕδωρ,
1167 2435 1282 2522 πρόςο

330 2535 1167 2625 ἔδειαγωνίζεσθαι,τετραπλάσιονὴμωνἔλαβονξ
1133 2535 1195 2616 έξ’
1176 2535 1282 2621 ανόν-

331 2660 390 2720 κης
405 2661 470 2719 γαρ
486 2629 546 2723 ἦν,
565 2663 590 2703 ω
579 2629 728 2723 ἄνδρες
739 2639 954 2726 δικασταὶ,
922 2646 969 2703 τω
982 2636 1117 2721 ἄρχοντι
1129 2633 1280 2720 ἀμφορέα

240 2730 248 2741 ”
331 2731 456 2821 ἑκάστω
475 2728 581 2819 ἐγχεαι
595 2741 664 2800 τόν
681 2733 997 2820 ἀμφισβητούντων,
1019 2735 1075 2800 καὶ
1096 2747 1182 2817 τρεῖς
1202 2731 1281 2816 χόας
1323 2800 1326 2804 ,

303 2837 377 2919 ςτῷ
394 2827 520 2919 ὑστέρῳ
538 2830 635 2918 λόγῳ.
670 2830 753 2899 ὥστε
771 2834 967 2920 συνέβαινεν
984 2836 1053 2918 ἐμοὶ
1067 2840 1114 2919 τῷ
1126 2829 1210 2918 ὑπὲρ
1221 2837 1280 2916 τῆς

329 2927 488 3014 γυναικός
498 2927 736 3019 ἀγωνιζομένῳ,
750 2929 794 3018 μὴ
806 2929 857 2999 ὅτι
868 2933 943 3017 περὶ
953 2932 1139 3016 τοῦγένους
1148 2932 1279 2997 καὶτῶν

330 3026 440 3096 ἄλλων
457 3020 505 3095 οἶν
522 3047 578 3114 μοι
589 3035 733 3116 προσῆκε
745 3027 966 3116 διηγήσασθαι
979 3043 1045 3106 τοῖς
1057 3032 1222 3106 δικασταῖς
1233 3023 1279 3105 ὡς

329 3125 393 3210 ἐγὼ
416 3126 617 3214 ἐβουλόμην,
639 3126 712 3196 ἄλλ’
733 3126 807 3196 οὐδ’
820 3127 1097 3213 ἀπολογήσασθαί
1104 3152 1160 3211 μοι
1171 3127 1278 3210 ἐξεμέ-

329 3249 403 3291 νετο
425 3223 504 3293 οόδε
524 3222 708 3294 πολλοστὸν
706 3231 822 3393 ἷμέρος
839 3219 888 3293 όν
905 3221 1188 3305 κατεψεύδοντο“
1165 3233 1275 3310 ημῶν·

329 3322 532 3408 πέμπτον
494 3350 558 3408 γαρ
575 3323 721 3411 μέροςδ
690 3351 778 3410 εχον
796 3333 856 3393 τοῦ
877 3322 1006 3402 ὕδατος.
1038 3324 1093 3391 και
1116 3319 1153 3390 τό
1178 3323 1276 3404 σόφι-

330 3439 397 3546 σμμ
417 3412 462 3506 ἦν
481 3430 596 3508 τοῦτο,
617 3422 740 3503 αότοδς
761 3425 859 3509 μέν’
842 3437 970 3501 εαυτοῖς
993 3427 1278 3508 συναγωνίζεσθαι

329 3519 385 3585 καὶ
406 3513 618 3603 ὁμολογεῖν’
596 3545 742 3610 απαντα,
766 3519 875 3608 περὶ
856 3548 951 3607 ημων
970 3519 1006 3589 δ
1026 3527 1135 3605 λέγειν
1155 3547 1195 3588 τα
1216 3521 1354 3595 ov-1053

289 3631 321 3683 10
330 3617 498 3693 δεπωττοτε
514 3616 684 3703 γενόμενα.
716 3623 770 3689 καὶ
785 3629 905 3689 τοῦτον
921 3620 981 3689 τόν
996 3621 1123 3705 τρόπον
1140 3623 1278 3707 ἐπιβου-

328 3715 521 3783 λευσόντων
537 3717 592 3784 καὶ
609 3722 925 3805 συναγωνιζομένων
942 3716 1095 3805 ἀλλήλοις
1111 3715 1164 3804 ἐφ’
1178 3716 1275 3804 ἡμᾶς,
