3159 4409
441 582 445 589 ¹
550 495 692 555 ΚΑΤΑ
712 493 988 557 ΚοΝοΝοΣ..
1186 498 1249 562 203

286 679 345 745 ,πφ
356 656 412 722 καὶ
422 664 489 722 τοῖν
502 651 607 723 ἑλκολν
618 652 719 722 οὐδὲν
730 659 793 742 ἔφη
807 663 989 743 φοβεῖσθαι
1007 656 1111 725 λίανὸ
1125 657 1247 746 ἰατρὸς,

293 755 430 838 πυρετοὶ
447 754 484 821 ιὶὶ
501 754 785 840 παρηκολούθουν
801 780 858 840 μοι
875 764 1023 841 συνεχεῖς
1033 761 1088 824 καὶ
1096 757 1248 845 ’ἀλγήμα-

292 879 333 920 τα
344 852 427 921 ὅλου
439 857 501 938 μὲν
510 861 572 920 τού
582 853 732 938 σώματος
744 852 979 939 πάνυσφοιὶρά
989 856 1044 923 καὶ
1056 854 1148 924 δεινά
1155 906 1165 940 ,
1183 858 1248 941 μά·
1357 873 1359 880 “

293 960 387 1020 λιστα
404 952 440 1020 δὲ
456 959 524 1019 τάν
542 960 700 1035 πλευροῖο
711 954 838 1020 καὶτοῦ
847 951 966 1039 ἤτρου,
988 955 1124 1021 καὶτῶν
1134 959 1248 1021 σιτίων

251 1074 284 1126 12
294 1042 543 1137 ἀπεκεκλείμην.
577 1054 633 1118 καὶ
646 1048 690 1132 ἀς
700 1051 761 1138 μὲν
774 1050 792 1119 ὁ
807 1052 919 1135 ἰατρός
929 1058 1004 1139 ἔφη,
1017 1059 1048 1140 εἰ
1057 1051 1101 1138 μὴ
1115 1052 1249 1137 κάθαρ-

286 1172 345 1230 σις
356 1156 491 1237 αἵματος
503 1149 670 1237 αὐτομάτη
690 1177 747 1237 μοι
763 1152 855 1218 πάνυ
872 1149 977 1236 πολλὴ
989 1154 1113 1236 συνέβη
1126 1175 1249 1236 περιω-

247 1249 255 1268 ’
295 1250 386 1338 θάνω
398 1249 470 1317 ἀντι
481 1252 536 1318 καὶ
548 1247 770 1338 ἀπορουμένῳ
788 1249 870 1335 ἤδη,
893 1247 958 1316 κάν
969 1254 1094 1334 ἔμπυος
1108 1250 1248 1335 γενόμε-

294 1374 351 1426 νος
362 1347 567 1433 διεφθάρην·
589 1357 655 1415 νῦν
666 1347 702 1415 ιὶὶ
714 1345 801 1415 τοῦτ’
815 1353 919 1415 ἔσωσε
929 1346 967 1416 τὸ
980 1346 1059 1433 αἷμα
1071 1347 1248 1434 ἀποχωρῆ-

294 1468 366 1514 σαν.
400 1443 444 1524 εὶς
460 1439 596 1515 οὖνκαὶ
614 1443 709 1512 ταῦτ’
721 1445 835 1531 ἀληθῆ
847 1450 946 1531 λέγω,
968 1449 1023 1513 καὶ
1034 1446 1247 1532 παρηκολού-

293 1551 382 1632 θησέ
390 1572 447 1632 μοι
457 1545 590 1631 τοιαύτη
603 1546 704 1622 νόσος
715 1549 746 1622 ἐξ
757 1537 798 1630 ἧς
809 1551 855 1622 εἰς
866 1544 1050 1629 τοῦσχατον
1062 1537 1189 1631 ἦλθον,
1213 1549 1245 1627 ἐξ
1256 1567 1322 1621 1261

294 1636 343 1711 ὦν
354 1641 420 1710 ύπὸ
432 1643 562 1710 τούτων
577 1648 698 1728 ἔλαβον
710 1649 864 1727 πληγῶν,
889 1645 963 1728 λέγε
978 1642 1041 1730 τὴν
1057 1653 1118 1712 τού
1129 1650 1246 1731 ἰατροῦ

294 1747 480 1827 μαρτυρίαν
490 1743 545 1808 καὶ
557 1741 619 1827 τὴν
630 1749 698 1808 τοῖν
709 1743 990 1811 ἐπισκοπούντων.
1062 1785 1064 1792 ,

635 1845 895 1926 ΜΑΡννΡιᾼι.

251 1956 283 2017 13
370 1938 441 2007 ’Ότι
457 1938 518 2025 μὶν
533 1945 650 2007 τοίνυν
665 1937 709 2007 ού
721 1947 853 2025 μετρίας
870 1940 963 2022 τινάς
976 1946 1031 2012 καὶ
1042 1943 1173 2029 φαύλας
1184 1950 1244 2010 λα-

292 2037 365 2127 βοὶν
375 2035 511 2124 πληγάς,
530 2034 598 2106 ἀλλ’
610 2044 656 2116 εἰς
667 2047 734 2105 πάν
743 2036 858 2108 έλθοὶν
867 2041 921 2109 τὶιά
931 2039 995 2128 τὴν
1007 2040 1107 2130 ύβριν
1117 2045 1172 2134 καὶ
1183 2043 1246 2128 τὴν

247 2225 249 2229 Ι
294 2137 467 2221 ἀσέλγειαν
483 2135 545 2223 τὴν
557 2138 687 2207 τούτων
698 2136 785 2205 πολύ
802 2147 860 2224 τῆς
876 2143 1110 2228 προσηκούσης
1120 2141 1244 2210 ἐλάττω

293 2243 389 2323 δίκην
408 2245 534 2322 εἰληχα,
556 2235 769 2320 πολλαχόθεν
786 2243 907 2321 νομίζω
926 2243 1029 2324 δῆλον
1050 2237 1129 2325 ὑμῖν
1150 2264 1244 2324 γεγε-

298 2346 433 2423 νησθαι.
476 2331 567 2419 οἶμαι
594 2332 626 2400 θ’
645 2333 742 2418 ὑμῶν
758 2338 867 2412 ένίους
884 2337 1069 2420 θαυμάζειν
1085 2343 1158 2403 τίνα
1175 2333 1244 2403 ποτ’

292 2432 620 2519 έστὶνάπρόςταῦτα
630 2432 787 2516 τολμήσει
797 2431 922 2499 Κόνων
932 2435 1050 2516 λέγειν.
1083 2432 1246 2519 βούλομαι
1301 2504 1304 2509 ,

292 2530 333 2620 δή
345 2545 515 2618 προειπεῖν
530 2526 646 2615 ὑμῖνά
661 2527 725 2615 ἐγω
745 2530 912 2615 πέπυσμαι
925 2533 1035 2615 λέγειν
1046 2528 1148 2599 αύτὸν
1159 2556 1245 2618 παρ-

292 2632 511 2716 εσκευάσθαι,
534 2628 599 2696 άπὸ
620 2638 678 2715 τῆς
694 2629 825 2716 ὕβρεως
841 2632 895 2698 καὶ
917 2638 987 2697 τάν
1004 2633 1245 2716 πεπραγμένων

291 2731 329 2800 τὸ
343 2728 459 2815 πρᾶγμ’
473 2729 599 2814 ἀγουτα
616 2735 662 2808 εἰς
679 2727 806 2815 γέλωτα
822 2733 877 2798 καὶ
892 2730 1073 2818 σκώμματα
1090 2734 1245 2818 ἐμβαλεῖν
1355 2814 1359 2820 Ι

250 2847 283 2901 14
292 2829 528 2914 πειράσεσθαι,
552 2833 608 2898 καὶ
625 2832 712 2915 ἐρεῖν
730 2828 774 2908 ὥς
793 2832 877 2898 εἰσὶν
894 2834 930 2897 ἐν
946 2840 987 2920 τῇ
1002 2832 1097 2921 πόλει
1117 2833 1243 2914 πολλοὶ,

292 2925 721 3013 καλάνκάγαθωνάνιὶρολν
731 2928 1245 3014 υίεῖς,οἳπαίζοντεςοἷαάνθρω-

293 3051 351 3093 ποι
363 3028 432 3093 νέοι
443 3032 557 3110 σφίσιν
569 3023 683 3105 αὐτοῖς
694 3031 882 3114 ἐπωνυμίας
893 3036 1103 3114 πεποίηνται,
1115 3029 1171 3095 καὶ
1182 3053 1245 3095 κα-

293 3133 390 3195 λοῦσι
407 3122 485 3202 τούς
503 3123 564 3209 μὶν
582 3125 807 3213 ἰθυφάλλους,
831 3126 910 3206 τούς
925 3128 961 3196 ιὶὶ
979 3125 1243 3213 αὐτοληκύθους,

293 3229 393 3308 ἐρῶσι
405 3220 436 3288 θ’
448 3225 484 3289 ἐκ
495 3222 625 3289 τούτων
636 3226 775 3311 έταιρολν
786 3229 889 3310 τινὲς,
912 3228 967 3294 καὶ
979 3226 1019 3310 δὴ
1031 3228 1086 3294 καὶ
1096 3223 1157 3293 τόν
1167 3224 1243 3293 υἰὸν

292 3323 353 3391 τόν
364 3325 486 3390 ἑαυτοῦ
497 3319 581 3389 εἶναι
591 3323 721 3391 τούτων
731 3326 807 3410 ἕνα,
831 3327 886 3392 καὶ
904 3324 1062 3402 πολλάκις
1073 3326 1146 3416 περὶ
1157 3325 1244 3392 ἑταί-
1335 3312 1346 3350 ²

279 3449 353 3508 -ρας
364 3424 417 3490 καὶ
430 3424 599 3509 εἰληφέναι
609 3427 663 3490 καὶ
676 3421 1010 3508 θεὶωκέναιπληγάς,
1028 3425 1082 3490 καὶ
1092 3420 1179 3490 ταῦτ’
1197 3422 1244 3490 εἰ·

292 3547 348 3589 ναι
359 3526 445 3588 νέων
456 3519 658 3607 ἀνθρώπων.
693 3521 779 3609 ἡμᾶς
791 3526 827 3589 δὲ
844 3522 971 3600 πάντας
989 3520 1244 3608 τούςάιὶελφούς

292 3627 473 3709 παροίνους
481 3625 540 3706 μέν
549 3647 641 3703 τινας
651 3618 870 3708 καὶύβριστάς
878 3621 1124 3704 κατασκευάσει,
1133 3618 1245 3703 ἀγνοί-
1302 3666 1303 3669 ,

248 3736 283 3789 15
292 3746 396 3805 μονάς
408 3724 443 3788 δὲ
454 3724 508 3789 καὶ
519 3722 666 3804 πικρούς.
701 3717 764 3805 έγοὶ
777 3717 820 3806 δ’,
834 3712 1166 3806 άάνίρεςδικασταὶ,
1183 3741 1244 3801 χα-
