3159 4409
318 495 360 561 52
523 498 612 556 XLIV.
633 494 1050 558 ΔΗΜΟΣΘΕΝΟΤΣ

318 660 487 746 νενημένην
506 658 561 724 καὶ
576 650 645 734 οἶος
660 647 704 740 ἦν
721 658 882 733 ἐπεξιέναι
903 663 950 743 τῷ
965 656 1168 742 Λεωκράτει·
1193 654 1274 724 ’πει-

318 757 453 826 δόντων
471 755 506 824 δέ
521 761 590 822 τῶν
606 759 737 821 οἰκείων
754 754 811 820 καί
828 756 994 839 δεομένων
1006 757 1065 822 ἐάν
1083 758 1120 823 ἐν
1132 761 1178 846 τῷ
1189 765 1272 845 οίκμ

239 861 241 869 ‘
318 855 404 925 εἶναι
426 854 485 922 τὸν
501 851 706 939 Λεωκράτην
726 850 804 919 νίόν
826 849 1017 938 εἰσποιητὸν
1036 860 1085 942 τῷ
1104 850 1271 941 Ἀρχιάδῃ,

318 953 550 1041 συνεχώρησεν
561 949 578 1020 6
590 956 806 1037 Μειδυλίδης,
826 949 886 1036 οὐχ
899 949 1053 1038 ἡττηθεὶς
1067 955 1103 1020 ἐν
1115 958 1272 1040 δικαστη-

318 1059 389 1144 ρίω,
402 1049 484 1120 άλλά
495 1049 532 1119 τδ
544 1049 605 1137 μέν
616 1049 697 1118 ὅλον
710 1046 776 1116 ὑπὸ
795 1050 926 1116 τούτων
941 1047 1139 1136 ἀπατηθεὶς,
1158 1055 1271 1118 ἔπειτα

274 1176 309 1228 20
317 1156 429 1239 μέντοι
439 1151 494 1218 καὶ
504 1163 572 1227 τοῖς
583 1153 715 1226 οίκείοις
725 1146 935 1234 πειθόμενος.
966 1152 1020 1217 καὶ
1034 1147 1052 1216 ὁ
1065 1150 1128 1235 μὲν
1137 1156 1271 1219 Μειδυ-

317 1256 408 1337 λίδης
417 1257 521 1318 ταῦτα
532 1248 657 1334 πράξας
666 1254 805 1335 τελευτᾷ
815 1246 875 1314 τὸν
885 1255 975 1334 βίον,
994 1246 1012 1316 ὁ
1025 1248 1061 1316 δέ
1071 1250 1271 1336 Λεωκράτης

316 1348 380 1435 εἶχε
390 1347 452 1436 την
462 1356 523 1417 τοῦ
537 1346 711 1436 Ἀρχιάδου
729 1343 851 1413 οὐσίαν
867 1350 923 1414 καί
933 1347 1150 1433 ἐκληρονόμει
1160 1348 1268 1416 πολλὰ
1280 1365 1345 1422 1087

283 1468 285 1473 ’
315 1454 370 1536 ἐτη
383 1446 428 1528 ιδς
438 1443 481 1516 άν
492 1450 621 1516 ἐκείνου
631 1443 704 1525 υίός
715 1444 865 1531 ποιητός·
887 1443 980 1532 ἡμεῖς
997 1446 1034 1514 δὲ
1050 1447 1140 1529 παρὰ
1156 1445 1194 1514 τὸ
1208 1445 1269 1514 τδν

315 1553 524 1656 Μειδυλίδην
534 1555 638 1616 ταῦτα
650 1553 862 1633 συγχωρῆσαι
872 1543 1014 1632 ἡσυχίαν
1026 1555 1164 1632 εἴχομεν.
1188 1545 1270 1632 χρό-
1336 1626 1341 1636 Ι

315 1665 363 1736 νἠι
375 1645 408 1714 δ’
421 1645 565 1733 ὕστερον
575 1644 616 1713 οὐ
627 1652 850 1735 πολλῷ-τοϊς
860 1641 924 1730 γάρ
943 1644 1024 1730 μετά
1035 1652 1140 1713 ταῦτα
1157 1647 1269 1731 λόγοις

313 1747 378 1831 ἤδη
389 1744 521 1829 σφόδρα
538 1743 598 1811 τὸν
614 1750 700 1812 νοῦν
716 1747 909 1830 προσέχετε,
933 1736 1090 1830 άάνδρες
1101 1748 1266 1813 δικασταί·

272 1842 333 1924 216
345 1843 409 1929 γὰρ
423 1840 648 1931 Λεωκράτηςὸ
662 1839 847 1927 εἰσποιητὸς
858 1843 1038 1928 γενόμενος
1047 1851 1096 1932 τῷ
1102 1841 1267 1931 Ἀρχιάδη,

315 1948 542 2029 ένκοιταλιπιιν
561 1944 695 2010 τουτονί
710 1941 931 2027 Λεοάστρατον
953 1945 990 2007 ἐν
1018 1947 1064 2030 τῷ
1087 1951 1167 2032 οἴκῳ
1189 1940 1268 2010 υίόν

314 2042 463 2128 γνήσιον,
476 2047 665 2128 ἐπανῆλθεν
678 2037 778 2118 αὐτὸς
789 2047 836 2118 είς
845 2039 924 2118 τούς
933 2037 1170 2126 Ἐλευσινίους,
1183 2041 1267 2109 ὅθεν

314 2135 404 2229 ἦντὸ
417 2146 450 2224 ἐξ
462 2140 569 2230 ἀρχῆς.
602 2144 658 2209 καὶ
675 2138 750 2208 οὐδ’
762 2136 896 2208 ἐνταῦθ’
908 2137 1040 2207 οὐδέπω
1057 2135 1150 2226 ἡμεῖς
1166 2137 1267 2208 οὐδὲν

314 2250 382 2309 των
392 2241 596 2333 πραγμάτων
605 2243 680 2328 περὶ
689 2239 748 2309 τὸν
760 2247 886 2327 κλῆρον
897 2242 1086 2326 ἐκινοῦμεν,
1109 2237 1177 2307 ἀλλ’
1191 2241 1267 2324 ἐμέ-

271 2364 417 2427 υννομεν
429 2343 560 2409 ἐπὶτῶν
577 2337 698 2407 αὐτοῖν.
733 2339 835 2407 πάλιν
847 2346 964 2407 τοίνυν
974 2338 1187 2424 Λεώστρατος
1203 2336 1266 2406 αὐ-

313 2437 369 2519 τὸς
380 2435 521 2526 οὑτοσὶ,
532 2437 716 2526 εἰσποιητὸς
728 2434 776 2506 οέν
795 2436 867 2518 υίός
878 2440 933 2506 καὶ
949 2441 1220 2524 ἐγκαταλειφθείς
1230 2441 1266 2506 ἐν

313 2545 359 2627 τῷ
371 2546 433 2606 τοῦ
446 2537 620 2624 Ἀρχιάδου
632 2534 728 2629 νίκην,
751 2540 980 2625 ἐπανέρχεται,
1005 2536 1115 2622 ὥσπερ
1127 2537 1144 2606 ὁ
1158 2539 1266 2625 πατὴρ

313 2632 429 2722 αὐτοῦ,
448 2638 500 2703 ἐπὶ
511 2635 590 2714 τοὺς
606 2633 835 2721 Ἐλευσινίους,
854 2636 1083 2722 ἐγκαταλιπών
1094 2637 1266 2724 υίόνχνή-

313 2753 387 2802 σιον
398 2736 453 2803 καὶ
464 2732 518 2801 διά
529 2743 631 2819 τρισίν
642 2734 805 2821 σωμάτων
813 2743 934 2819 κυρίαν
944 2734 1006 2823 την
1015 2739 1047 2816 ἐξ
1058 2735 1157 2822 άρχῆς
1168 2741 1266 2822 ποίη-

269 2856 304 2910 23
313 2851 367 2900 σιν
380 2831 468 2916 παρὰ
482 2833 560 2912 τούς
572 2833 696 2919 νόμους
712 2834 926 2922 καταστήσας.
951 2843 1022 2916 πῶς
1038 2834 1103 2923 γάρ
1121 2834 1163 2905 οὐ
1175 2832 1265 2921 παρά

311 2929 391 3011 τοὺς
406 2930 544 3017 νόμους,
566 2928 656 3001 ὁπότ’
670 2932 855 3022 είσποιητὸς
871 2933 972 3016 αὐτὸς
990 2933 1038 3022 οδν
1057 2934 1266 3024 είσποιητοδς

310 3028 405 3109 υίούς
426 3030 654 3117 ἐγκαταλιπών
677 3034 830 3123 ἐπανηει;
866 3038 920 3103 καὶ
941 3044 1041 3104 τοῦτο
1060 3038 1265 3104 διατετέλεκε

311 3135 419 3194 ποιεῖν
434 3133 527 3218 μέχρι
543 3130 664 3218 ταύτης
679 3141 737 3220 τῆς
754 3132 893 3222 ἡμέρας,
920 3137 975 3202 καὶ
991 3133 1046 3202 διά
1065 3134 1189 3203 τοάτον
1202 3143 1266 3202 τοῦ

311 3225 438 3310 τρόπον
448 3228 510 3316 την
521 3239 744 3318 κληρονομίαν
761 3231 856 3320 ἡμῶν
867 3231 1107 3320 ἀποστερήσειν
1125 3244 1264 3318 οἴονται,

311 3327 560 3413 ἐνεργαζόμενοι
580 3335 641 3417 μὲν
667 3335 722 3400 καί
750 3333 1114 3419 ἐμπαιδοτροφούμενοι
1136 3340 1180 3421 τῇ
1201 3339 1266 3400 τοῦ

306 3420 480 3510 Ἀρχιάδου
498 3425 611 3516 οὐσίᾳ,
635 3430 826 3510 ἐπανιόντες
844 3430 873 3499 δ’
889 3433 941 3498 ἐπὶ
951 3429 1013 3517 τὴν
1030 3431 1189 3523 πατρῴαν
1201 3430 1266 3500 οὕ-

311 3529 386 3591 σίαν
396 3526 526 3594 ἐκεῖθεν
537 3526 597 3614 dez,
615 3530 771 3617 κάκείνην
782 3531 843 3617 μέν
855 3528 1013 3613 άκέραιον
1024 3532 1260 3619 φυλάττοντες,

265 3621 468 3710 κεταάτηνδ
476 3622 716 3709 ἀναλίσκοντες.
727 3627 1262 3715 ἄλλ’ὅμωςτούτωντοιοάτωνὅν-

306 3745 384 3806 των,
392 3722 474 3809 δπερ
482 3722 585 3813 εἶπον,
595 3723 683 3813 ημεῑς
689 3724 896 3815 ὑπεμένομεν
902 3726 1042 3797 ἅπαντα.
1054 3723 1263 3815 μέχριτίνοςς
