3159 4409
520 485 664 547 ΚΑΤΑ
683 484 996 550 ΘΕΟΚΡΙΝΟῬ.
1171 485 1236 553 257

287 651 464 734 ρουμένοις
482 642 504 732 ἢ
523 646 714 733 γράφεσθαι
729 642 861 731 γραφάς
879 640 901 730 ἦ
918 650 1050 730 φαίνειν
1066 641 1092 732 ἦ
1107 644 1187 733 ἀλλο
1203 675 1235 717 τι
1307 711 1310 722 ,

287 761 395 815 ποιεῖν
405 752 474 830 των
491 747 590 834 ἐντῷ
606 743 698 833 νόμφ
709 744 816 832 τούτφ
832 747 1069 830 γεγραμμένων
1084 747 1236 831 προλέγει

289 843 483 929 διαρρήδην,
496 839 545 928 ἐφ’
558 837 607 921 οίς
616 841 757 911 ἕκαστόν
768 845 836 910 ἐστι
845 843 974 911 τούτων
982 846 1146 930 ποιητέον.
1167 852 1236 914 ἐστι

288 941 325 1011 δὲ
345 949 466 1023 ταῦτα,
489 939 600 1026 οἵσπερ
617 938 816 1027 ἠκούσατ’ἐξ
833 929 939 1010 αάτοῦ
954 951 1017 1011 τοῦ
1032 942 1156 1031 νόμον,
1168 944 1236 1017 ιἐόιν

288 1040 425 1120 ἐπεξιών
442 1066 490 1119 τις
506 1039 550 1127 μὴ
567 1039 733 1126 μεταλάβῃ
750 1037 787 1106 τό
809 1042 957 1123 πέμπτον
971 1044 1070 1127 μέρος
1086 1049 1155 1109 τῶν
1170 1038 1236 1128 φη-

287 1165 380 1226 φων,
401 1144 505 1225 χιλίας
521 1136 705 1224 ἀποτίνειν,
729 1132 795 1205 κάν
810 1135 854 1224 μὴ
874 1141 1000 1226 ἐπεξίη,
1023 1132 1236 1227 ἀΘεονιρίνη,

286 1244 389 1324 χιλίας
400 1241 528 1324 ἑτέρας,
545 1242 601 1305 ἵνα
615 1238 696 1324 μήτε
708 1244 904 1323 συκοφαντῇ
916 1239 1028 1323 μηδεὶς
1037 1235 1108 1324 μήτ’
1120 1235 1237 1308 άδειαν

288 1342 373 1422 ἔχων
390 1337 555 1423 ἐργολαβῇ
571 1337 626 1403 καὶ
640 1331 795 1423 καθυφιῇ
811 1332 851 1402 τά
863 1342 921 1422 τῆς
930 1335 1065 1415 πόλεως.
1098 1340 1182 1424 φημί
1194 1335 1235 1425 δὴ

287 1433 370 1502 κατά
385 1433 512 1519 ταύτην
527 1431 589 1520 την
605 1438 744 1514 ἔνδειξιν
761 1439 878 1518 ένοχον
895 1431 980 1501 εἶναι
991 1441 1175 1522 Θεοκρίνην
1189 1445 1237 1528 τῷ

240 1556 246 1567 “
288 1534 441 1619 φήναντα
451 1538 595 1600 Μίκωνα
612 1536 796 1617 Χολλείδην
803 1531 858 1619 μὴ
876 1535 1078 1621 ἐπεξελθεῖν,
1093 1532 1162 1604 ἀλλ’
1174 1532 1237 1621 ἀρ-

260 1634 408 1720 γγόριον
419 1630 563 1717 λαβόντα
577 1629 765 1699 ἀποδόσθαι
777 1628 814 1699 τό
825 1638 970 1719 πρᾶγμα.
991 1634 1046 1700 καὶ
1055 1631 1142 1723 τοῦτ’
1151 1631 1236 1702 ἀπο-

288 1737 383 1811 δείξω
395 1738 520 1816 σαφῶς,
535 1727 579 1808 οἱς
591 1728 655 1815 έγοδ
669 1735 797 1815 νομίζω.
826 1719 932 1797 καίτοι
944 1738 1123 1818 Θεοκρίνης
1131 1758 1187 1817 γε,
1208 1723 1235 1809 ιόΙ

287 1831 409 1917 ἀνδρες
420 1832 586 1913 δικασταὶ,
602 1831 657 1898 καί
668 1832 703 1898 oc
716 1826 797 1915 μετά
808 1826 1040 1899 τοότονοάδέν
1051 1827 1113 1901 ότι
1123 1827 1164 1898 οὐ
1175 1855 1235 1897 πε-

285 1929 445 2015 ποιήκασι
460 1927 654 2012 προσιόντες
667 1941 735 2006 τοῖς
750 1927 910 2013 μάρτυσι,
932 1930 989 1996 καλ
1004 1924 1045 1995 τά
1062 1927 1124 2013 μὲν
1140 1925 1235 2022 ἀπει-
1323 1945 1326 1968 ¹

286 2035 423 2104 λοῦντες
439 2024 568 2111 αὐτοῖς,
589 2023 629 2092 τά
647 2026 683 2095 δὲ
694 2032 868 2107 πείθοντες
883 2024 928 2113 μη
946 2041 1135 2114 μαρτυρεῖν.
1164 2025 1233 2096 ἀλλ’
1243 2041 1312 2095 1324

287 2126 376 2213 ὅμως
396 2124 455 2194 ἐὰν
473 2121 567 2211 ὑμεῖς
583 2123 812 2211 βούλησθετά
824 2130 933 2193 δίκαια
951 2132 1089 2212 βοηθεῖν
1104 2151 1162 2211 μοι
1179 2127 1235 2194 καὶ
1276 2137 1277 2140 ’

285 2221 430 2311 κελεύητ’
438 2219 582 2309 αὐτοὺς,
604 2230 731 2308 μᾶλλον
747 2219 780 2289 δ’
799 2221 1040 2306 ἀναγκάζοντος
1055 2226 1137 2308 ἐμοῦ
1151 2246 1235 2292 συν-

286 2320 567 2411 αναγκάζητεῆτοι
579 2315 791 2406 μαρτυρεῖνῆ
803 2319 1024 2404 ἐξόμνυσθαι,
1041 2322 1097 2397 καὶ
1105 2319 1149 2406 μὴ
1162 2324 1235 2390 ἐᾶτε

285 2423 406 2506 λόγους
416 2427 534 2505 λέγειν,
543 2416 759 2503 εὑρεθήσεται
769 2414 920 2501 τάληθές.
943 2419 1017 2503 λέγε
1027 2410 1092 2483 οὖν
1102 2426 1235 2501 πρῶτον

247 2542 262 2588 ἢ
286 2520 346 2607 μὲν
359 2518 422 2608 τὴν
436 2518 555 2607 φάσιν,
569 2515 637 2596 εἶτα
647 2514 706 2594 τάς
715 2521 904 2602 μαρτυρίας.

685 2609 838 2682 mm.
984 2690 987 2696 ,

258 2749 276 2803 g
371 2715 504 2801 Ταότην
514 2711 578 2799 τὴν
589 2713 709 2800 φάσιν,
724 2703 880 2798 άάνδρες
892 2714 1050 2799 δικασταί,
1062 2716 1162 2780 ἔδωκε
1173 2715 1235 2799 μὲν

286 2813 399 2885 οὑτοσὶ
422 2813 745 2902 προσκαλεσάμενος1
758 2810 819 2886 τόν
843 2817 1003 2898 Μίκωνα,
1037 2817 1133 2900 ἔλαβε
1160 2809 1232 2880 δ’ὁ

285 2908 677 2997 γραμματεύςὸτῶντοΰ
695 2913 856 2996 ἐμπορίου
876 2913 1096 2998 ἐπιμελητῶν,
1114 2907 1234 2978 Εὐθύ-

285 3034 403 3096 φημος
427 3011 563 3088 ἐξέκειτο
575 3009 611 3076 δέ
622 3007 731 3081 πολὺν
741 3008 865 3095 χρόνον
876 3015 1067 3096 ἔμπροσθεν
1079 3015 1140 3075 τοῦ
1150 3027 1235 3076 συν·

284 3105 429 3194 εδρίουη
442 3107 557 3194 φάσις,
576 3109 638 3186 ἕως
654 3107 766 3196 λοβόν
778 3106 941 3195 ἀργύριον
952 3099 1049 3186 οὗτος
1060 3117 1148 3175 είασε
1159 3111 1235 3176 δια-

283 3213 454 3294 γραφῆναι
464 3204 660 3275 καλούντων
671 3204 773 3276 αὐτόν
782 3215 828 3287 είς
837 3207 898 3294 την
906 3205 1083 3293 ἀνάκρισιν
1092 3214 1160 3274 τῶν
1170 3205 1233 3293 ἀρ-

282 3308 431 3392 χόντων.
455 3301 507 3371 ότι
522 3304 562 3373 δὲ.
574 3301 661 3373 ταῦτ’
675 3304 783 3398 ἀληθῆ
801 3309 902 3391 λέγω,
914 3312 1047 3391 πρῶτον
1064 3305 1124 3391 μέν
1139 3307 1232 3376 κάλει

284 3403 320 3483 ὃς
334 3402 558 3491 ἐγραμμάτευε
568 3411 610 3491 τη·
620 3401 720 3492 ἀρχῇ,
732 3397 957 3490 Εὐθύφημον.

638 3509 880 3576 ΜΑΡΤνΡιΑ.
1008 3586 1009 3589 ¹

254 3622 273 3676 9
365 3606 448 3687 Λέγε
461 3600 500 3687 δὴ
514 3603 569 3669 καὶ
579 3599 642 3687 τὴν
652 3610 720 3669 τῶν
738 3601 881 3669 ίδόντων
890 3603 1081 3688 ἐκκειμένην
1091 3602 1153 3687 τὴν
1165 3601 1231 3686 φά-

231 3701 233 3706 ’
282 3720 337 3768 σιν
347 3704 540 3785 μαρτυρίαν.
564 3701 648 3783 λέγε.
890 3761 892 3764 .
980 3790 983 3795 ¹

325 3795 463 3848 Demosth.
487 3795 547 3849 Vol.
559 3795 607 3847 111.
1050 3797 1081 3852 17
