3159 4409
314 482 375 549 128
503 485 619 544 XLVIII.
641 480 1062 543 ΔΗΜΟΣΘΕΝΟΤΣ

312 671 380 724 νος.
414 647 713 730 καλσννεβεβήκει,
732 638 1267 732 άςβόμεθαὴμελς,αῧτηααλλί-

314 761 372 829 στη
384 740 531 830 ἀναβολὴ
544 747 685 828 δημοσίᾳ
701 740 825 809 τούτου
842 738 1095 828 ἀποδημοῦντος
1104 761 1267 828 στρατευ-

271 846 444 928 αεομένου.
460 841 587 927 ἐπειδὴ
606 838 637 907 δ’
652 839 762 907 ἐκάλει
779 835 922 924 ὁάρχων
939 845 986 918 είς
1001 840 1038 907 τὰ
1051 838 1266 926 δικαστήριον

313 940 461 1019 ἅπαντας
470 937 550 1018 τοάς
560 937 852 1025 ἀμφισβητοῦντας
861 939 946 1007 κατὰ
956 938 1018 1007 τόν
1027 939 1152 1026 νόμον,
1169 939 1265 1007 ὑπω-

313 1039 586 1125 μοσάμεθαὴμείς
596 1041 728 1106 τουτονὶ
735 1035 1008 1126 ’Ὀλυμπιόδωρον
1018 1043 1160 1127 δημοσίᾳ
1169 1035 1266 1109 dusc-

313 1165 369 1206 ναι
381 1137 654 1225 στρατευόμενον.
675 1135 907 1224 ὑπομοθέντος
918 1137 955 1205 δὲ
963 1138 1087 1206 τούτου
1099 1135 1266 1205 ἀνθυπω-

312 1241 460 1326 μόσαντο
481 1242 517 1306 οί
534 1234 711 1323 ἀντίδικοι,
739 1238 795 1304 καλ
808 1238 1055 1324 διαβάλλοντες
1085 1234 1265 1322 Ὀλυμπιό-

312 1344 424 1421 δωρον
433 1339 582 1422 τουτονὶ,
600 1334 732 1420 ὕστεροι
741 1331 837 1421 ἡμῶν
849 1341 1017 1421 λέγοντες,
1040 1330 1266 1414 ἐπεισαντούς

313 1435 468 1524 δικαστάς
482 1441 694 1521 ψηφίσασθαι
708 1441 766 1520 τῆς
784 1438 876 1520 δίκης
892 1432 975 1503 ἕνεκ’
987 1431 1120 1503 ἀπεῖναι
1130 1437 1266 1505 τουτουὶ

269 1563 303 1618 26
312 1539 366 1605 καὶ
377 1533 419 1604 οά
430 1540 580 1623 δημοσίᾳ.
604 1537 846 1620 ψηφισαμένων
857 1534 893 1602 δὲ
904 1541 1007 1603 ταῦτα
1019 1541 1087 1602 τῶν
1099 1539 1265 1603 δικαστῶν

313 1630 524 1718 διέγραφενὸ
548 1632 661 1720 ἀρχων
676 1633 875 1711 Πυθόδοτος
884 1626 974 1700 ’κατά
996 1629 1059 1699 τόν
1074 1631 1182 1717 νόμον
1201 1629 1264 1719 την

312 1727 725 1816 τουτουὶὈλνμπιοδόρου
742 1728 998 1818 ἀμφισβήτησιν.
1027 1735 1264 1818 διαγραφείσης

313 1830 349 1898 δέ
365 1828 485 1917 ταύτης
500 1833 534 1910 ἐξ
551 1828 697 1915 ἀνάγκης
712 1827 813 1915 κάμοὶ
828 1823 873 1916 ἦν
882 1834 1030 1898 ἐκλιπεῖν
1042 1827 1105 1917 τὴν
1114 1838 1177 1897 τοῦ
1186 1827 1264 1916 ἡμικ

313 1935 451 2016 κληρίον
469 1927 724 2015 ἀμφισβήτησιν.
750 1930 942 2014 γενομένων
958 1927 994 1996 δὲ
1014 1928 1143 1997 τούτων
1152 1931 1263 1996 ἐπεδί-

312 2024 443 2096 κασενὸ
457 2025 568 2114 ἅρχων
578 2041 646 2106 τοῖς
656 2025 835 2105 ἀντιδίκοις
852 2042 920 2106 τοῖς
929 2025 1099 2114 ἡμετέροις
1106 2028 1169 2098 τὸν
1179 2034 1262 2113 κλῆ-

311 2152 374 2210 ρον
383 2124 444 2194 τόν
457 2127 631 2204 Κόνωνος·
654 2134 758 2194 ταῦτα
769 2125 834 2213 γάρ
846 2130 880 2193 ολ
888 2126 986 2212 νόμοι
997 2123 1101 2195 αὐτόν
1111 2122 1263 2211 ἠνάγκα-

269 2250 301 2306 27
312 2231 369 2306 ζον
379 2239 495 2294 ποιεῖν.
519 2226 630 2311 ἐπειδη
644 2222 676 2292 δ’
690 2225 937 2311 ἐπεδικάσαντο,
947 2221 1053 2302 εὐθάς
1064 2230 1110 2303 είς
1119 2231 1262 2310 Πειραιᾶ

311 2325 466 2404 ἐλθόντες
483 2323 741 2411 παρελάμβανον
758 2321 872 2411 πάνθ’,
890 2323 954 2392 ὅσα
969 2321 1066 2411 ἡμῶν
1082 2323 1168 2409 εἶχεν
1185 2323 1263 2393 ἐκά-

310 2450 405 2511 τερος
421 2423 617 2510 νειμάμενος
636 2427 673 2490 ἐν
689 2429 730 2510 τῇ
748 2428 865 2509 μερίδι.
898 2420 990 2506 κάγά
1007 2422 1070 2508 μὲν
1091 2423 1262 2508 ἐπιδημῶν

311 2520 410 2601 αὐτὸς
427 2527 601 2608 παρέδωκα
618 2520 760 2609 (ἀνάγκη
777 2521 842 2608 γάρ
858 2515 903 2609 ἦν
919 2528 1099 2590 πείθεσθαι
1114 2535 1184 2600 τοῖς
1201 2520 1262 2590 νό-

311 2632 417 2707 μοις),
445 2621 485 2688 τά
509 2620 540 2688 δ’
567 2620 838 2707 Ὀλυμπιοδώρου
866 2619 1118 2707 ἀποδημοῦντος
1139 2619 1262 2689 τούτου

311 2719 441 2788 ἅπαντα
452 2718 577 2810 ᾤχοντο
588 2719 763 2807 λαβόντες,
775 2719 863 2807 πλην
873 2729 935 2788 τοῦ
945 2718 1109 2806 ἀργυρίου
1120 2711 1164 2787 οὗ
1175 2719 1263 2806 εἶχεν

311 2816 412 2896 αὐτὸς
423 2815 512 2903 παρά
523 2824 584 2885 τοῦ
595 2815 800 2904 ἀνθρώπου,
818 2825 879 2885 τοῦ
892 2820 1039 2904 οίκέτον,
1051 2814 1092 2885 ὃν
1103 2818 1263 2905 ἐβασάνι-

311 2937 384 2983 σεν·
414 2911 456 2982 οὐ
472 2913 536 3000 γάρ
562 2914 650 3001 εἶχον
667 2914 754 2984 ὅπου
774 2914 984 3003 ἐπιλάβοιντο
1006 2925 1067 2984 τοῦ
1087 2917 1260 3004 ἀργυρίου.

268 3019 364 3097 wal
384 3016 424 3083 τά
446 3012 508 3100 μὲν
528 3019 719 3101 πραχθέντα
740 3013 829 3084 ταῦτ’
851 3009 895 3102 ἦν
918 3018 955 3083 έν
980 3025 1021 3104 τῇ
1032 3014 1201 3105 ἀποδημίᾳ
1221 3023 1262 3105 τῇ

306 3111 594 3201 Ὀλυμπιοδώρου,
616 3117 672 3184 καὶ
693 3124 750 3202 τῆς
771 3121 948 3194 κοινωνίας
963 3123 1021 3202 τῆς
1036 3115 1119 3203 πρὸς
1140 3124 1262 3185 τοῦτον

310 3212 397 3280 ταῦτ’
409 3213 473 3299 ἐγὼ
484 3212 662 3283 ἀπέλαυσα.
695 3215 765 3282 ἐπεὶ
781 3210 813 3282 δ’
825 3214 1030 3301 ἐπεδήμησεν
1047 3208 1145 3294 οὗτος
1162 3217 1218 3285 καλ
1229 3217 1265 3282 ολ
1269 3233 1324 3291 1175

311 3308 405 3378 ἀλλοι
422 3321 633 3400 στρατιῶται,
653 3312 834 3401 ἠγανάκτει
847 3311 1113 3400 Ὀλυμπιόδωρος
1134 3312 1260 3402 οὑτοσὶ,

313 3402 469 3497 ἀάνδρες
480 3416 646 3498 δικασταὶ,
667 3416 720 3482 ἐπὶ
735 3405 806 3494 τοῖς
815 3415 1055 3501 συμβεβηκόσι,
1078 3416 1133 3483 καὶ
1150 3411 1261 3500 ἡγεῖτο

311 3506 405 3579 δεινά
420 3513 633 3580 πεπονθέναι.
668 3510 779 3599 ἐπειδὴ
797 3513 833 3582 δὲ
849 3511 966 3598 μεστὰς
987 3516 1116 3598 ἐγένετο
1133 3511 1262 3599 ἀγανα-

309 3617 410 3695 κτῶν,
423 3610 630 3697 ἐσκοποῦμεν
639 3611 742 3681 πάλιν
753 3614 808 3680 καὶ
818 3611 1068 3699 ἐβουλευόμεθα
1079 3620 1187 3702 κοινῇ,
1195 3611 1260 3698 ἐγώ

311 3711 366 3776 καὶ
381 3705 644 3798 Ὀλυμπιόδωρος
664 3708 795 3797 οὑτοσί,
813 3709 929 3781 ὅντινα
946 3709 1073 3798 τρόπον
1088 3710 1220 3780 τούτων
1228 3734 1261 3779 τι
