3159 4409
294 508 360 572 15⁶
537 511 569 567 λ.
585 505 663 567 ΔΗ
666 504 709 565 Μ
715 502 891 564 ΟΣΘΕΝ
894 496 999 565 m

292 695 341 749 τις
351 672 415 755 ἔχει
423 694 464 754 με
474 670 629 748 ἐπιδεῖξαι
646 662 691 744 ῶς
705 663 888 750 ψεύδομαι,
910 660 1055 741 ἀναστάς
1070 664 1108 728 ἐν
1118 667 1164 751 τῷ
1177 664 1248 751 ἐμῷ

293 767 391 834 ὕδατι
402 764 596 853 ἐξελεγξάτω
616 762 636 832 ό
647 789 678 830 τι
689 758 733 830 άυ
743 760 789 848 μῆ
801 767 849 849 φῆ
860 786 900 847 με
911 758 1033 846 άληθες
1044 762 1152 844 λέγειν
1163 757 1249 844 πρὸς

292 862 393 951 ὑμᾶς·
426 869 457 932 εί
470 862 502 931 δ’
519 864 608 931 ἐστίν
625 859 738 947 άληθῆ
754 861 810 927 καὶ
828 860 941 946 μηδείς
957 856 1002 926 άν
1019 885 1076 945 μοι
1097 855 1249 939 άντείιτοι

293 957 424 1047 άλλοςῆ
439 951 555 1046 οὗτος,
572 962 688 1045 δέομαι
703 956 802 1045 ὑμῶν
810 955 968 1025 ἁπάντων
978 960 1112 1024 δικαίαν
1121 960 1246 1044 δέησιν.
1283 953 1286 958 ’

266 1058 367 1131 3όσοι
378 1060 439 1146 μὲν
450 1069 518 1128 τῶν
529 1062 742 1146 στρατιωτῶν
752 1055 824 1126 ἐστὶ
839 1057 895 1124 καί
909 1061 1034 1142 τιαρῆτε
1045 1058 1127 1141 ἐκεῖ,
1150 1053 1250 1124 αὐτοί
1255 1061 1308 1119 lm

292 1185 327 1226 τε
344 1156 581 1244 ἀναμνήσθητε
598 1160 653 1226 καί
676 1171 744 1238 τοῖς
766 1159 1089 1244 παρακαθεζομένοις
1106 1155 1247 1241 φράζετε

292 1255 355 1343 τῆν
373 1253 400 1323 τ’
415 1254 499 1343 ἐμῆυ
520 1262 714 1344 προθυμίαν
731 1257 786 1323 καὶ
808 1255 848 1323 τά
864 1255 1036 1343 συμβάντα
1053 1259 1090 1323 ἐν
1106 1261 1154 1343 τῷ
1170 1253 1246 1323 τότε

292 1362 397 1444 καιρῷ
407 1363 449 1442 τῆ
458 1354 553 1424 πόλει
564 1355 742 1442 πράγματα
753 1358 809 1422 καὶ
819 1352 877 1434 τάς
888 1353 1044 1441 άτιορίας,
1065 1350 1104 1420 ἵν’
1113 1355 1153 1421 ἐκ
1164 1352 1246 1421 τοιέἼ
1269 1380 1273 1397 “

293 1480 361 1521 των
371 1458 477 1542 είδῆτε
488 1451 606 1534 ὁκοῖός
613 1461 662 1533 τίς
673 1459 739 1540 είμι
749 1449 855 1540 τερίιῖ
866 1447 911 1519 άν
921 1451 1123 1537 προστάξητε
1133 1447 1244 1538 ὑμεῖς·

294 1550 367 1621 ὅσοι
378 1551 412 1620 δ’
423 1551 529 1621 αὐτοῦ
539 1557 737 1639 ἐπεδημεῖτε,
749 1558 826 1639 σιγῆ
838 1576 903 1637 μου
914 1547 1056 1618 οἰκοῦσαι
1067 1551 1246 1636 διηγοτμί-

291 1677 356 1718 νου
366 1649 496 1719 άτιαυτα
510 1647 757 1738 κρδςῦμῶςκαῖ
767 1652 819 1719 ἐπὶ
835 1651 966 1719 τούτων
976 1651 1119 1740 ἑκάστω,
1142 1644 1246 1741 οἷςάν

292 1750 394 1835 λέγω,
416 1749 495 1828 τοάς
510 1775 545 1817 τε
561 1751 686 1836 νόμους
703 1756 932 1835 παρεχομένου
949 1751 1006 1816 καλ·
1019 1745 1059 1815 τά
1071 1752 1246 1835 ψηφίσμα-
1277 1833 1280 1839 ¹

293 1872 348 1929 τα,
370 1847 411 1913 τά
432 1872 467 1914 τε
486 1853 544 1932 τῆς
553 1854 677 1934 βουλῆς
693 1849 749 1916 καὶ
759 1845 799 1916 τά
812 1854 874 1914 τοῦ
884 1845 1010 1934 δῆμον,
1023 1850 1079 1915 καί
1088 1844 1148 1925 τοὶς
1159 1873 1245 1933 μαρ-

293 1948 415 2029 τυρίας.
631 1972 634 1983 *
1214 1979 1216 1982 ·

267 2065 285 2118 4
371 2039 515 2129 Ἑβδόμη
531 2043 594 2126 γάρ
606 2047 788 2128 φθίνοντος
799 2053 1067 2129 μεταγειτνιῶνος
1077 2042 1183 2131 μηνός
1195 2045 1245 2111 ἐπὶ

294 2140 460 2219 Μόλωνος
476 2138 652 2227 άρχοντος,
675 2144 848 2227 ἐκκλησίας
864 2146 1045 2229 γενομένης
1060 2143 1116 2211 καὶ
1133 2148 1245 2227 είσαγ-

293 2239 482 2325 γελθέντωυ
492 2235 572 2325 ὑμῖν
582 2247 717 2307 πολλῶν
725 2244 780 2318 καί
786 2242 1246 2328 μεγάλωνκραγμάτων,ἐψη-

295 2345 442 2425 φίσασθε
462 2336 521 2419 τάς
540 2345 625 2419 ναῦς
641 2340 820 2408 καθέλκειν
841 2340 920 2420 τοὺς
935 2340 1168 2427 τριηράρχους·
1198 2330 1245 2408 ῶν

295 2441 349 2505 καλ
367 2436 431 2522 ἐγῶ
446 2428 498 2523 ῆν.
531 2439 586 2506 καί
603 2436 663 2506 τόν
680 2441 741 2523 μὲν
757 2438 877 2523 καιρόν
893 2436 1261 2527 τόνσυμβεβηκότατῆ

296 2536 391 2604 κάλει
406 2534 483 2603 τότε
500 2533 563 2603 οὐκ
580 2539 637 2621 ἐμὲ
659 2541 711 2604 δεῖ
726 2541 923 2621 διεξελθεῖν,
945 2535 1013 2605 ἄλλ’
1026 2535 1113 2623 ὑμᾶς
1124 2535 1247 2616 ιιάτοάς

295 2632 562 2720 ἀναμνησθῆναι,
580 2632 630 2702 ὅτι
644 2643 751 2722 Τῆνος
761 2639 822 2721 μὲν
833 2644 1082 2721 καταληφθεῖσα
1093 2632 1144 2704 ὑπ’
1155 2634 1246 2704 Ἀλε-
1275 2693 1277 2695 .

270 2733 440 2817 ςξάνδρου
457 2735 758 2821 ἐξηνδραποδίσθη,
780 2734 999 2822 Μιλτοκύθης
1011 2733 1040 2802 δ’
1055 2732 1246 2822 ἀφειστήκει

296 2831 361 2900 άτιό
373 2831 504 2910 Κότυος
520 2834 575 2898 καί
597 2840 749 2919 πρέσβεις
767 2834 951 2919 ἐτεκόμφει
966 2838 1041 2918 τιερί
1051 2840 1245 2921 συμμαχίας,

294 2929 1247 3019 βοηθεῖνκελεόωνκαίτῆνΧερρόνησονάττοδιδοδς,Προ-

294 3028 466 3115 κουνῆσιοι
483 3028 519 3096 δὲ
536 3028 701 3115 σύμμαχοι
718 3030 812 3110 ὄντες
822 3035 970 3100 ἱκέτευον
983 3029 1070 3117 ὑμᾶς
1079 3034 1116 3099 ἐν
1127 3039 1174 3122 τῷ
1185 3030 1246 3120 δῆ-

293 3153 345 3214 μμ
357 3134 525 3214 βοηθῆσαι
536 3125 657 3210 αὐτοῖς,
664 3132 815 3215 λε’γοντες
825 3129 877 3197 ὅτι
887 3128 952 3198 ὑπὸ
958 3137 1156 3218 Κυζικηνῶν
1165 3159 1248 3202 κατ-

296 3227 425 3308 έχονται
444 3230 490 3314 τῷ
511 3229 641 3315 πολέμῳ
655 3229 710 3295 καί
726 3226 809 3295 κατά
827 3232 958 3315 γῆνκαὶ
969 3229 1053 3298 κατά
1062 3231 1246 3317 θάλατταν,

271 3323 351 3393 ὁκαὶ
372 3320 416 3407 μῆ
440 3327 599 3409 περιιδεῖν
619 3324 862 3412 άτιολομένους·
897 3319 947 3395 ῶν
973 3326 1152 3409 ἀκούοντες
1172 3329 1248 3398 τότε

296 3416 388 3506 ὑμεῖς
399 3422 435 3487 ἐν
445 3429 493 3510 τῷ
504 3422 600 3512 δῆμω
610 3423 725 3493 αὐτῶν
733 3451 768 3493 τε
779 3425 947 3510 λεγόντων
957 3427 1012 3495 καὶ
1022 3435 1093 3495 τῶν
1100 3447 1245 3513 συναγο-

297 3517 466 3605 ρευόντων
478 3518 599 3607 αὐτοῖς,
610 3526 658 3590 ἐτι
668 3523 704 3591 δέ
713 3531 782 3591 τῶν
792 3523 947 3609 ε’μτιόρων
956 3525 1089 3592 καὶτῶν
1099 3524 1249 3612 νανιιλῆ-

297 3644 367 3704 ρων
378 3619 453 3703 τιερὶ
469 3622 613 3688 ἔκπλουν
629 3619 739 3690 όντων
756 3625 793 3691 ἐκ
809 3629 870 3690 τοῦ
880 3622 1031 3709 Πόντον,
1053 3627 1250 3705 καλΒνξιιν-

297 3722 376 3784 τίων
387 3716 443 3783 καὶ
452 3721 690 3804 Χαλκηδονίων
705 3723 760 3788 καλ
770 3725 967 3807 Κυζικηνῶν
981 3721 1197 3808 καταγόντων
1206 3719 1251 3793 τὰ
