3159 4409
317 472 359 538 74
523 475 601 533 XLV.
638 471 1057 534 ΔΗΜΟΣΘΕΝΟῬΣ

271 650 372 704 34ναι
388 639 515 721 μᾶλλον
532 627 555 719 ή
570 639 638 701 τόν
655 640 783 701 λοιποῖν
799 632 919 718 κύριον
935 625 1102 719 γενέσθαι.
1137 629 1211 701 ἄλλ’
1225 635 1268 701 ἐπ’
1278 640 1342 697 1111

316 740 420 807 ταῦτα
449 731 504 796 καί
524 728 618 798 πόλλ’
643 729 697 799 όσ’
721 727 765 798 όν
785 734 945 815 περὶτῶν
961 733 1081 812 ἕνδεκα
1096 732 1273 802 ταλάντων-

316 838 420 918 ἒχοιμι
436 836 554 917 είπείν,
578 825 622 908 ὡς
638 829 700 898 ούκ
717 829 860 917 ὤφειλεν
881 829 900 899 ὁ
923 829 1048 917 πατήρ,
1069 829 1143 899 ἄλλ’
1170 821 1270 910 οὗτος

316 929 491 1020 ὑφῄρηται.
523 925 598 996 ἀλλ’
611 919 653 997 οὗ
664 927 939 1017 ιἰνέγνωνένεκα,
953 940 1015 999 τού
1024 930 1086 1018 τήν
1102 928 1270 1016 διαθήκην

315 1034 423 1115 ψευδῆ
440 1032 557 1113 δείξαι,
577 1026 677 1097 τοῦθ’
690 1028 978 1116 ύμᾶςόιναμυήσω.
1011 1033 1192 1116 γέγραπται
1202 1027 1268 1115 γὰρ

315 1127 453 1213 αὐτόθι,
471 1125 515 1212 μή
527 1129 644 1206 ἐξεῖναι
656 1127 690 1195 δὲ
701 1129 942 1212 τραπεζιτεύειν
953 1136 1138 1216 Φορμίωνι,
1152 1131 1212 1198 ἐὰν
1222 1126 1266 1214 μὴ

314 1224 400 1315 ήμιῖς
416 1237 521 1315 πείση.
553 1233 651 1294 τοῦτο
668 1233 785 1295 τοίνυν
801 1226 839 1296 τὸ
850 1229 984 1314 γράμμα
996 1235 1164 1306 παντελῶς
1175 1232 1274 1313 δηλοῖ

315 1331 422 1413 ψευδῆ
431 1324 495 1413 τήν
505 1326 672 1414 διαθήκην
685 1319 802 1394 οὖσαν.
830 1334 879 1406 τίς
889 1326 954 1414 γὰρ
966 1323 1010 1396 όν
1020 1325 1231 1411 ἀνθρώπων,
1246 1322 1270 1392 οἳ

314 1427 375 1513 μὲν
409 1435 521 1512 ἔμελλε
543 1426 784 1513 τραπεζιτεύων
806 1417 905 1506 οὗτος
924 1427 1137 1513 ἐργάζεσθαι,
1163 1420 1266 1492 ταῦθ’

314 1524 404 1603 ὅπως
420 1522 498 1612 ήμίν
509 1538 577 1603 τοῖς
588 1521 693 1592 αὑτοῦ
705 1527 837 1608 παισὶν,
859 1523 942 1593 α’λλίι
953 1526 997 1611 μῆ
1009 1525 1117 1614 τούτῳ
1128 1523 1269 1609 γενήσε-

313 1651 367 1691 ται
377 1622 586 1709 προύνοήθη,
602 1624 658 1691 καὶ
669 1619 723 1689 διὰ
734 1631 832 1691 τοῦτο
843 1619 887 1709 μῆ
899 1625 1018 1702 ἐξεῖναι
1027 1621 1134 1709 τούτῳ
1145 1643 1269 1705 τραπε-

314 1722 453 1803 ζιτεύειν
468 1726 629 1806 ἔγραψεν,
653 1725 709 1787 ἵνα
725 1719 769 1806 μή
786 1720 962 1807 ἀφιστῆται
976 1719 1039 1807 ἀφ’
1055 1717 1165 1806 ήμοιν
1188 1715 1211 1785 ἃ
1232 1715 1265 1786 δ’

314 1817 414 1897 αύτός
425 1823 636 1905 εἰργασμένος
648 1824 747 1886 ένδον
757 1823 942 1905 κατέλειπε,
953 1819 1053 1888 ταῦθ’
1067 1817 1157 1899 ὅπως
1169 1813 1268 1897 οὗτος

268 1933 302 1986 35
314 1918 450 1998 λήψεται
472 1918 734 2003 παρεσκεύασεν;
755 1921 811 1986 καί
826 1926 883 2004 τῆς
898 1919 960 2005 μέν
983 1923 1135 2005 ἐργασίας
1155 1916 1268 2003 ἐφθό-

313 2039 432 2103 νησεν,
452 2008 492 2103 ής
509 2015 609 2086 οὐδέν
627 2015 763 2103 αίσγρόν
777 2010 822 2104 ήν
838 2022 1052 2103 μεταδοῦναι·
1075 2018 1137 2105 τήν
1154 2017 1189 2084 δὲ·
1204 2041 1268 2101 γυ-

314 2129 411 2183 ναῖκα
428 2120 565 2201 ἔδωκεν,
589 2109 631 2183 οὗ
648 2122 757 2201 μεῖζον
773 2113 873 2185 οὐδὲν
883 2113 927 2184 ιῖν
937 2120 1110 2186 κατέλιπεν
1121 2115 1267 2197 όνειδος;

313 2214 424 2299 τυχόν
440 2240 478 2299 γε
494 2222 552 2299 τῆς
563 2212 642 2299 παρ’
655 2214 752 2301 ὑμῶν
763 2221 904 2302 δωρεᾶς,
928 2213 1118 2302 εἶταόσπερ
1130 2209 1174 2283 ι’ίν
1185 2218 1269 2282 δοῦ-

314 2321 371 2391 λος
383 2312 528 2400 δεσπότῃ
540 2313 669 2399 διδούς,
682 2312 754 2381 ἀλλ’
768 2311 810 2383 ού
820 2311 1027 2398 τούναντίον,
1039 2324 1131 2401 είπερ
1142 2316 1267 2398 ἐδίδου,

314 2412 474 2497 δεσπότης
491 2415 617 2500 οίκέτη,
640 2416 830 2497 προστιθείς
846 2428 967 2499 προῖκα
979 2412 1064 2499 ὅσην
1076 2412 1185 2492 οὐδεὶς
1197 2419 1268 2480 τῶν

270 2527 305 2583 36
314 2513 350 2579 ἐν
358 2518 399 2599 τῆ
408 2510 502 2579 πόλει
512 2518 670 2598 φαίνεται.
687 2513 907 2601 καίτοιτούτμ
917 2507 1269 2599 μὲναύτὸτούτοᾶγα-

314 2609 421 2696 πητόν
439 2605 497 2697 ῆν,
520 2610 556 2678 τό
575 2619 633 2697 τῆς
652 2616 826 2703 δεσποίνης
843 2611 1042 2699 ἀξιωθῆναι·
1062 2619 1108 2701 τῷ
1122 2610 1270 2696 πατρίδέ

314 2707 394 2777 ούδέ
408 2709 613 2796 λαμβάνοντι
622 2719 767 2779 τοσαῦτα
778 2713 944 2798 χρήματα,
965 2711 1028 2780 ὅσα
1039 2714 1120 2797 φασί
1131 2711 1269 2779 διδόντα

314 2801 424 2895 οὗτοι,
436 2809 577 2894 εὔλογον
587 2802 632 2896 ήν
645 2816 765 2894 πρᾶξαι
775 2818 888 2880 ταῦτα.
919 2809 993 2880 ἀλλ’
1007 2809 1096 2897 ὅμως
1107 2807 1129 2879 ἃ
1139 2824 1209 2890 τοῖς
1218 2815 1269 2878 εί-

313 2908 400 2993 κόσι,
412 2922 480 2986 τοῖς
489 2908 630 2993 χρόνοις,
641 2923 710 2988 τοῖς
719 2915 962 2997 πεπραγμένοις
973 2911 1170 2995 ἐξελέγχεται
1182 2925 1268 2989 ψευ-

314 3012 372 3093 δῆ,
384 3015 489 3075 ταῦτα
498 3021 677 3094 μαρτυρεῖν
688 3005 750 3078 ούκ
762 3008 915 3097 όόκνησεν
925 3006 1039 3079 οὑτοσὶ
1049 3006 1232 3093 Στέφανος.
1242 3085 1244 3089 ,

269 3139 303 3195 37
396 3104 478 3173 Εἶτα
494 3108 582 3191 λέγει
598 3107 735 3191 περιιόν
753 3106 798 3188 ός
808 3109 1014 3195 ἐμαρτύρησε
1025 3107 1086 3193 μέν
1097 3113 1268 3193 Νικοκλῆς

314 3203 640 3287 έπιτροπεῦσαιαατά
651 3205 712 3293 τήν
725 3209 909 3293 διαθήκην,
929 3208 1134 3292 ἐμαρτύρησε
1145 3208 1181 3275 δὲ
1191 3215 1267 3275 Πα-

230 3373 232 3378 .
313 3310 427 3388 αικλῆς
446 3307 735 3392 ἐπιτροπευθῆναι,
748 3306 832 3373 κατὰ
853 3303 917 3391 τῆν
937 3307 1112 3393 διαθήκην.
1142 3306 1209 3391 ἐγώ
1229 3304 1267 3374 δέ

311 3396 395 3466 αὐτοὶ
413 3400 505 3468 ταῦτ’
519 3402 608 3489 οἶμαι
619 3403 779 3490 τεκμήρια
792 3402 876 3471 εἶναι
887 3411 947 3472 τού
959 3404 1034 3492 μήτ’
1047 3406 1195 3483 έκείνους
1205 3401 1267 3472 τό-

312 3505 402 3584 ληθῆ
414 3497 494 3585 μήτε
505 3502 625 3570 τούσδε
636 3511 930 3589 μεμαρτυρηκέναι.
962 3502 1055 3590 ὁγόιρ
1068 3507 1267 3588 ἐπιτροπεύῃ
1275 3511 1341 3568 1113

311 3617 367 3664 σαι
383 3597 466 3666 κατὰ
485 3602 646 3688 διαθήκας
662 3609 842 3688 μαρτυρῶν
859 3607 961 3690 δῆλον
977 3602 1029 3670 ότι
1045 3601 1124 3670 καθ’
1149 3599 1266 3683 ὁποίας

311 3691 355 3765 ἂν
371 3701 485 3785 είδείη,
507 3702 563 3768 καὶ
580 3699 597 3768 ὁ
615 3703 896 3789 ἐπιτροπευθῆναι
907 3700 990 3794 κατὰ
1003 3703 1168 3790 διαθήκας
1178 3727 1267 3789 μαρ-
