3159 4409
237 519 240 524 '
290 509 353 577 230
500 513 580 572 ΙΝΙΙ.
615 508 1035 572 ΔΗΜΟΣΘΕΝΟῬΣ
1057 575 1062 582 ,

267 681 373 758 λίσης.
396 676 571 757 συμβαίνει
583 672 622 738 δέ
630 696 687 756 μοι
696 668 733 737 τό
745 670 807 755 μὲν
818 665 901 737 καθ’
913 667 1014 755 ἡμᾶς,
1027 659 1185 755 ύάνδρες
1196 672 1245 736 δι-

292 771 424 853 κασταὶ,
447 769 501 835 καὶ
518 766 555 835 τό
574 766 757 853 προσήκειν
766 793 824 853 μοι
834 776 892 854 τῆς
904 767 1031 847 πόλεως
1041 777 1184 856 θαρρεῖν
1193 769 1245 836 καί

293 864 416 945 πολλάς
427 870 512 952 ἔχειν
523 870 654 944 ἐλπίδας
665 873 772 944 καλῶς
780 863 1006 953 άγωνιείσθαι,
1014 865 1201 952 τόνκαιρόν
1212 869 1246 937 δὲ

292 958 1248 1053 καὶτὸπαρωξύνθαιτήνπόλινπρόςτάςᾶποφηφίσειςφο-

293 1073 441 1151 βεϊσθαι·
465 1072 600 1133 πολλῶν
615 1063 680 1150 γάρ
697 1066 943 1150 ἐξεληλαμένων
959 1069 1092 1144 δικαίως
1108 1067 1145 1132 έκ
1161 1065 1246 1132 πάν-

292 1165 360 1234 τ’ωυ
377 1171 445 1233 τῶν
458 1163 573 1251 δήμων
584 1163 942 1249 συγκεκοινωνήκαμεν
951 1166 1009 1248 τῆς
1020 1162 1117 1249 δόξης
1127 1163 1246 1251 ταύτης

293 1268 327 1333 οί
336 1266 656 1351 κατεστασιασμένοι,
668 1258 817 1349 καὶπρὸς
828 1261 890 1348 τήν
900 1259 967 1330 κατ’
980 1264 1117 1331 ἐκείνων
1127 1269 1244 1349 αίτίαν,

293 1362 335 1430 ού
353 1361 436 1449 πρὸς
453 1361 490 1431 τό
508 1358 589 1430 καθ’
613 1359 717 1430 αὑτὸν
737 1362 874 1443 ἕκαστος
895 1357 1144 1447 ἀγωνιζόμεθα,
1167 1358 1245 1429 ὥστ’

266 1464 326 1542 ὃέξ
346 1461 492 1548 ἀνάγκης
508 1463 613 1548 μέγαν
622 1458 703 1547 ἡμῖν
713 1458 798 1529 είναι
806 1458 867 1528 τόν
878 1458 997 1548 φόβον.
1019 1458 1060 1524 οὐ
1073 1457 1142 1545 μήν
1152 1458 1245 1549 ἀλλὰ,

293 1565 410 1649 καίπερ
428 1560 558 1630 τούτων
575 1558 680 1639 οὕτως
690 1559 833 1646 ἐχόντων
839 1607 849 1640 ,
871 1554 893 1624 ά
903 1563 1023 1643 νομίζω
1034 1558 1247 1643 περὶτούτων

294 1655 405 1727 αύτων
414 1667 547 1744 πρῶτον
557 1658 639 1726 εἶναι
647 1664 767 1746 δίκαια,
775 1661 841 1743 έρω”
849 1654 932 1741 πρὸς
940 1653 1035 1743 ὑμεῖς.
1054 1654 1118 1742 ἐγώ
1127 1653 1299 1743 γὰροῖ-Ιλίλ

293 1784 351 1843 μαι
371 1762 442 1825 δείν
459 1755 545 1844 ὑμᾶς
565 1773 633 1837 τοῖς
643 1759 705 1844 μέν
714 1758 970 1842 ἐξελεγχομένοις
984 1759 1087 1835 ξένοις
1103 1747 1182 1822 ούσι
1190 1780 1247 1841 γα-

293 1861 477 1940 λεπαίνειν,
491 1861 521 1923 εί
530 1855 611 1941 μήτε
622 1861 791 1934 πείσαντες
802 1856 882 1941 μήτε
894 1857 1068 1941 δεηθέντες
1078 1851 1178 1940 ὑμῶν
1189 1853 1247 1922 λά-

293 1962 363 2038 θρα
381 1956 435 2021 καλ
452 1951 876 2041 βίατείνύμετέρωνίεριλν
887 1956 942 2023 καὶ
954 1962 1077 2023 κοινῶν
1087 1967 1245 2040 μετεῖχον,

293 2066 361 2130 τοίς
373 2050 405 2118 δ’
415 2049 595 2139 ἠτυχηκόσι
606 2054 660 2120 καί
671 2052 862 2120 δεικνύουσι
874 2053 1007 2133 πολίτας
1016 2054 1115 2133 ὄντας
1126 2050 1247 2132 αύτούς

294 2157 435 2237 βοηθεῖν
451 2153 505 2219 καὶ
523 2151 654 2236 σώζειν,
671 2156 949 2240 ’ἐνθυμουμένους
968 2153 1166 2222 ὅτιπάντων
1178 2158 1247 2221 οίκ-

295 2249 457 2334 τρότατον
467 2247 665 2337 πάθοςὴμλυ
676 2247 719 2319 άν
730 2260 875 2341 συμβαίη
887 2268 956 2334 τοῖς
972 2251 1199 2339 ἠδικημένοις,
1221 2256 1249 2318 εί

295 2357 364 2417 τῶν
380 2348 620 2436 λαμβανόντων
639 2355 735 2437 δίκην
753 2351 848 2431 ὄντες
865 2348 908 2421 άν
919 2358 1049 2432 δικαίως
1060 2351 1140 2440 μεθ’
1153 2349 1247 2439 ὑμῶν

296 2450 332 2517 έν
340 2453 548 2532 τοϊςδιδούσι
557 2458 736 2538 γενοίμεθα
745 2455 801 2520 καί
812 2457 1112 2539 συναδικηθείημεν
1124 2447 1179 2519 διά
1188 2447 1247 2536 τήν

270 2556 357 2624 ςτοῦ
368 2549 560 2636 πράγματος
571 2546 685 2636 ὀργήν.
710 2550 805 2642 ᾤ’μην
815 2550 875 2638 μὲν
886 2542 950 2620 ούν
960 2557 1077 2636 ἔγωγε,
1091 2542 1118 2618 οἷ
1129 2548 1247 2633 άνδρες

272 2670 279 2699 x
296 2649 463 2735 δικασταί,
476 2649 657 2735 προσήκειν
668 2648 875 2738 Εὐβουλίδη,
894 2652 949 2718 καὶ
959 2658 1039 2717 πάσι
1050 2650 1086 2718 δὲ
1098 2647 1174 2717 ὅσοι
1183 2654 1247 2716 νῦν

295 2747 347 2814 ἐπὶ
364 2760 433 2825 ταῖς
449 2743 936 2840 άπούηφίσεσικατηγορούσιν,
955 2745 1141 2821 ὅσαίσασιν
1151 2747 1248 2836 άκρι-

294 2851 363 2931 βάς
384 2847 491 2929 λέγειν
514 2847 569 2913 καί
590 2845 754 2933 μηδεμίαν
770 2847 951 2935 προσάγειν
967 2845 1073 2934 άκοήν
1089 2845 1173 2934 πρὸς
1190 2843 1247 2914 τόν

295 2950 449 3020 τοιοῦτον
467 2940 589 3027 άγύνα.
621 2945 709 3013 οὕτω
725 2944 790 3032 γάρ
810 2953 908 3015 τούτο
920 2944 1103 3015 άδικονκαί
1114 2946 1247 3036 σφόδρα

296 3043 396 3111 πάλαι
426 3044 571 3126 κέκριται
600 3042 684 3112 ὥστε
702 3041 781 3113 οὐδὲ
798 3060 977 3132 μαρτυρεῖν
987 3042 1094 3130 ἀκοήν
1105 3047 1207 3114 έωσιν
1217 3046 1250 3112 οί

294 3140 408 3227 νόμοι,
431 3137 507 3209 οὐδ’
518 3143 650 3221 έπλτοίς
659 3144 751 3212 πάνυ
763 3145 905 3230 φαύλοις
920 3144 1193 3232 έγκλήμασιν,,εί
1222 3141 1231 3164 ’

294 3265 373 3318 τως·
397 3239 485 3308 ὅπου
505 3239 570 3327 γάρ
594 3245 716 3311 είδέναι
736 3248 822 3324 τινὲς
843 3244 908 3333 ἤδη
930 3243 1096 3330 φήσαντες
1116 3246 1248 3324 ψευδεῖς

294 3338 482 3424 ἐφάνησαν,
504 3349 574 3420 πῶς
591 3339 613 3408 ά
623 3367 661 3426 γε
677 3342 757 3430 μηδ’
776 3341 877 3424 αύτός
894 3342 983 3413 οἶδεν
994 3342 1012 3411 ὁ
1025 3345 1132 3430 λέγων
1143 3361 1249 3426 προσ-

269 3435 367 3522 εήκει
384 3439 615 3520 πιστεύεσθαι;
637 3438 722 3510 άλλά
733 3441 801 3529 μὴν
812 3442 899 3511 ὅπου
910 3470 947 3528 γε
957 3441 1036 3530 μηδ’
1048 3439 1248 3509 ὑπεύθυνον

296 3537 502 3605 καθιστάντα
519 3539 641 3609 ἑαυτὸν
657 3547 777 3627 ἔξεστι,
800 3541 844 3609 ’δι’
866 3534 915 3608 σίν
925 3538 968 3609 άν
978 3539 1122 3608 άκούσαί
1128 3565 1177 3618 τις
1188 3546 1246 3626 φῇ,

296 3635 455 3723 βλάπτειν
470 3641 610 3726 μηδένα,
634 3648 704 3720 πῶς
713 3638 942 3729 άνυπευθύνφ
952 3666 990 3726 γε
1001 3641 1131 3725 λέγοντι
1141 3655 1248 3723 προσ·

233 3810 238 3814 ,
296 3737 370 3823 ήκει
387 3732 556 3805 πιστεύειν
571 3735 673 3824 ύμᾶς;
694 3738 807 3826 ἐπειδή
824 3745 940 3807 τοίνυν
955 3731 1055 3818 οὗτος
1065 3734 1159 3816 είδύς
1169 3731 1246 3812 τούς
