3159 4409
231 509 260 527 ·,
312 484 374 549 182
538 489 589 545 Lu.
619 484 1038 548 ΔΗΜΟΣΘΕΝΟῬΣ

309 642 496 729 παρείκοντα
515 646 673 733 δραχμαὶ,
695 641 739 722 ώς
759 644 824 730 ἐγώ
842 641 922 731 ὑμῖν
933 644 1024 713 πάνυ
1036 644 1265 733 άκριβώςέπι·

307 748 417 830 δείξω)
428 745 620 831 Κηφισιάδῃ
638 740 838 828 ἀποδοῦναι,
860 744 967 828 λέγων
980 741 1031 811 ὅτι
1041 743 1202 824 κοινωνὸς
1212 755 1261 830 είη

306 841 413 910 αὐτοῦ
424 841 659 929 ὁΚηφισιάδης
669 832 778 927 οὗτος,
793 841 934 927 οἰκήτωρ
945 843 1006 928 μὲν
1019 837 1068 909 ών
1080 841 1260 932 ένΣκάρρι,

278 945 343 1014 4έν
353 941 440 1030 δὲτῷ
450 936 1101 1029 παρόντιἐφ’ἑτέρᾳάποδημώνέμπορίηι.
1121 940 1260 1021 δεῖξαιδ

307 1026 465 1130 αδτὸντῷ
475 1042 572 1125 πατρί
582 1046 629 1129 τῷ
637 1041 705 1127 ἐμώ
714 1039 768 1106 καὶ
778 1046 939 1126 συστῆσαι
949 1046 996 1124 τῷ
1004 1037 1195 1128 Ἀρχεβιάδῃ
1206 1041 1261 1109 καί

304 1146 350 1228 τῷ
361 1147 493 1228 Φρασίᾳ
506 1141 721 1223 προσέταξεν,
745 1137 855 1224 ἐπειδη
867 1136 943 1224 ἥκοι
952 1140 989 1205 ἐκ
998 1144 1056 1223 τῆς
1066 1134 1259 1226 άποδημίας.

306 1239 445 1307 εἰώθασι
456 1240 492 1307 δὲ
503 1238 624 1316 πάντες
636 1242 670 1304 οί
677 1243 873 1323 τραπεζῖται,
886 1234 967 1303 ὅταν
977 1261 1025 1314 τις
1036 1232 1200 1323 άργάριον
1210 1265 1260 1306 τι-

303 1338 376 1419 θεὶς
392 1337 523 1424 ίδιώτης
540 1335 731 1405 άποδοῦναί
748 1360 794 1427 τηε
818 1335 1020 1422 προστάττῃ,
1042 1342 1177 1421 πρώτον
1196 1344 1259 1403 τοῦ

301 1445 421 1514 δέντος
440 1435 588 1521 τοῦνομα
605 1434 750 1522 γράφειν
767 1436 823 1502 καὶ
837 1431 874 1501 τδ
886 1434 1068 1518 κεφάλαιον
1079 1442 1141 1501 τοῦ
1152 1430 1310 1520 &ow-123

302 1540 392 1620 ρίου,
416 1539 526 1601 ἔπειτα
544 1533 779 1620 παραγράφειν
789 1531 860 1622 “τῷ
877 1538 959 1601 δεῖνι
976 1532 1164 1602 ἀποδοῦναι
1180 1534 1256 1617 δεῖξ’

301 1632 356 1698 καὶ
373 1629 432 1699 ἐάν
448 1632 509 1717 μὲν
520 1633 731 1718 γιγνώσκωσι
741 1630 804 1719 τὴν
814 1630 895 1713 ὄψιν
904 1640 966 1699 τοῦ
976 1631 1162 1720 άνδρώπου
1174 1625 1203 1721 ιμ’
1213 1629 1257 1702 άν

301 1731 359 1815 δέῃ
375 1726 578 1812 άποδοῦναι,
600 1738 740 1798 τοσοῦτο
757 1731 863 1817 μόνον
880 1745 1003 1818 ποιεῖν,
1027 1733 1153 1818 γράψαι
1170 1722 1198 1823 ᾦ
1208 1736 1256 1801 δεῖ

301 1825 501 1913 άποδοῦναι,
523 1826 582 1895 ἐὰν
604 1828 693 1914 δὲμὴ
717 1829 942 1915 γιγνώσκωσι,
964 1832 1020 1898 καὶ
1036 1829 1159 1898 τούτου
1175 1829 1255 1898 τοῦ-

299 1951 386 2010 νομα
410 1926 746 2011 προσπαραγράφειν,
768 1923 806 2005 δς
822 1923 866 1994 άν
883 1931 984 2016 μέλλῃ
1007 1928 1184 2015 συστήσειν
1201 1931 1255 1998 καί

301 2028 418 2103 δείξειν
435 2021 495 2090 τδν
512 2023 714 2110 ἄνθρωπον,
729 2022 773 2097 δν
790 2022 834 2092 άν
850 2031 907 2114 δέῃ
923 2034 1124 2113 κομίσασθαι
1138 2027 1175 2097 τδ
1194 2026 1255 2114 άρ-

272 2121 427 2207 εγώριον.
461 2123 559 2208 τύχης
571 2125 607 2190 δὲ
617 2124 790 2210 συμβάσης
800 2126 953 2211 τοιαύτης
971 2134 1017 2214 τῷ
1027 2125 1255 2196 Λάκωνιτοάψ

297 2248 360 2311 τω,
390 2218 473 2288 ώστε
500 2217 607 2300 εὐθὺς
628 2225 807 2290 ἐκπλέοντα
830 2221 935 2292 αώτδν
963 2228 1037 2307 περὶ
1062 2224 1122 2292 τὸν
1140 2224 1254 2313 Ἀργο-

297 2320 393 2390 λικὸν
420 2321 547 2389 κόλπον
572 2319 638 2388 ὑπὸ
661 2327 848 2410 λῃστρίδων
871 2330 956 2391 νεών
977 2324 1018 2390 τά
1041 2349 1076 2391 τε
1104 2326 1253 2412 χρήματα

296 2429 503 2508 καταχθῆναι
520 2426 565 2500 είς
575 2418 693 2506 ’Ἁργος
714 2426 768 2489 καί
785 2420 889 2490 αὐτὸν
902 2423 1100 2502 τοξευθέντα
1117 2419 1252 2492 άποδα-

296 2534 383 2607 νεῖν,
407 2525 533 2605 ἔρχεται
549 2521 601 2588 ἐπὶ
617 2520 679 2606 την
689 2521 853 2604 τράπεζαν
861 2522 1054 2600 Κάλλιππος
1065 2519 1177 2591 οὑτοσὶ
1195 2522 1251 2591 εὕ-

295 2619 361 2697 δδς
382 2621 539 2704 έρωτών,
557 2618 703 2687 Λάκωνα
718 2617 950 2706 Ἡρακλεώτην
972 2627 1003 2688 εί
1021 2621 1248 2706 γιγνώσκοιεν.

295 2712 562 2802 ἀποκριναμένου
581 2716 616 2784 δὲ
629 2724 824 2803 Φορμίωνος
839 2719 973 2786 τουτουὶ
991 2717 1249 2804 δτιγιγνώσκοι-

295 2841 347 2899 εν,
370 2807 434 2898 άρα
451 2816 505 2881 καὶ
523 2816 638 2900 ἐχρῆτο
657 2813 753 2901 ὑμῖν,
775 2815 1047 2903 έφηὸΦορμίων·
1071 2813 1250 2903 ἀλλὰπρὸς

294 2920 327 2979 τί
345 2916 486 3000 έρωτηῖςς
509 2911 593 2995 πρὸς
613 2920 659 2991 τίς
681 2919 759 3000 ἔφη·
781 2915 847 3001 ε’γώ
868 2935 921 2982 σοι
938 2918 1012 3001 έρώ.
1045 2918 1169 2996 ἐκεῖνος
1187 2920 1249 3003 μὲν

292 3010 539 3097 τετελεύτηκεν,
563 3009 626 3096 ἐγώ
654 3013 689 3080 δέ
708 3018 879 3096 προξενών
896 3015 1046 3099 τυγχάνω
1066 3023 1134 3082 τών
1148 3013 1249 3101 Ἡρα-

293 3117 453 3177 κλεωτῶν.
482 3107 563 3190 άξιώ
580 3111 621 3196 δη’
639 3130 675 3178 σε
692 3116 795 3192 δεῖξαί
810 3137 866 3200 μοι
876 3111 915 3181 τά
928 3113 1118 3201 γράμματα,
1140 3112 1188 3182 ἵν’
1200 3120 1248 3182 εί-

294 3211 341 3273 δώ
360 3219 391 3276 εί
404 3237 436 3278 τι
450 3211 686 3277 καταλέλοιπεν
704 3209 882 3297 ἀργύριον·
904 3210 1093 3299 έξάνάγκης
1109 3213 1174 3300 γάρ
1191 3217 1250 3300 μοί

268 3308 382 3377 δέστιν
404 3305 562 3376 ἁπάντων
577 3306 817 3395 Ἡρακλεωτῶν
833 3314 1065 3397 ἐπιμελεῖσθαι.
1099 3309 1247 3392 άκοάσας

295 3399 327 3469 δ’
339 3402 473 3475 αὐτοῠὸ
487 3415 661 3494 Φορμίων,
685 3402 713 3476 ώ
726 3408 846 3494 ἄνδρες
858 3412 1024 3493 δικασταὶ,
1047 3400 1170 3490 ἔδειξεν
1189 3407 1246 3478 εδ-

293 3506 381 3581 δέως
391 3515 600 3594 παραχρῆμα.
636 3510 802 3588 δειξαντος
813 3509 849 3576 δέ
859 3506 964 3576 αὐτοῦ
974 3507 1011 3576 τό
1023 3523 1246 3595 γραμματεῖον

293 3597 460 3685 άναγνοδς
472 3603 572 3684 αὐτὸς
582 3607 638 3673 καί
649 3605 748 3686 άλλος
762 3604 888 3692 οὐδεὶς,
901 3608 955 3675 καί
968 3607 1049 3676 ίδών
1060 3612 1245 3696 γεγραμμέ-

293 3724 355 3767 νον
364 3702 401 3768 έν
411 3698 878 3791 αὐτῷ“ΛάκωνἩραιιλεώτης
886 3713 989 3793 χιλίας
997 3709 1165 3799 ἑξακοσίας
1173 3734 1246 3779 τετ-
