3159 4409
364 495 471 556 ΠΕΡΙ
487 494 576 555 TOY
586 493 718 555 ΣΤΕΦ.
733 492 832 553 ΤΗΣ
844 493 1152 557 ΤΡΙΗΡΑΡΧΙΑΣ.
1175 493 1238 559 177
1269 436 1276 460 ⁴

287 761 423 840 φανοῦν
431 752 628 847 κελεύουσιν
637 750 770 832 αὑτούς.
802 761 909 820 καίτοι
925 758 1095 835 σκέψασθε
1112 755 1176 824 τίν’
1195 757 1238 826 όίυ
1293 743 1298 751 ⁸

287 875 368 920 ποτε
385 850 511 930 δόξαιτε
527 857 772 938 βεβουλεῦσθαι
788 851 931 937 τρόπον,
955 859 986 921 εί
995 853 1049 921 διὰ
1059 855 1121 940 τήν
1132 853 1239 941 αὑτήν

288 949 461 1034 πρόφασιν
477 948 555 1028 τοὺς
572 949 633 1035 μὲν
650 949 804 1018 θανοίτου
814 955 1002 1035 κρίναντες,
1028 951 1107 1030 τοὺς
1117 952 1153 1020 δὲ
1165 974 1240 1020 στε-

244 1080 279 1132 10
289 1048 505 1135 φανεόσαντες
515 1058 679 1134 φανείητε.
702 1050 756 1117 καὶ
767 1046 835 1134 μήν
845 1045 887 1114 οὑ
898 1048 1005 1133 μόνον
1018 1055 1049 1117 εί
1056 1057 1154 1117 τοῦτο
1165 1075 1240 1117 ποι-

288 1150 419 1236 ήσαιτε,
438 1144 559 1215 δοκοῖτ’
573 1143 618 1215 όίυ
628 1145 801 1234 ἁμαρτεῖν,
819 1144 893 1214 ἀλλ’
905 1153 935 1214 εί
944 1146 988 1232 μή
999 1150 1055 1215 καὶ
1063 1149 1240 1230 κολάσαιτε
1249 1161 1315 1216 1231

287 1245 367 1325 τοὺς
383 1246 423 1313 τδι
440 1255 576 1314 τοιαῦτα
592 1254 785 1330 ποιοῦντας,
808 1251 943 1331 ἔχοντες.
979 1244 1020 1312 οὐ
1031 1246 1095 1333 γὰρ
1105 1245 1241 1315 ἐπειδὰν

289 1345 407 1431 ἐόσητέ
416 1371 448 1413 τι
457 1353 525 1412 τῶν
535 1342 704 1431 ὑμετέρων
715 1343 1075 1429 ἀπολέσθαι,τότε’χρή
1085 1351 1242 1428 χαλεπαί-
1351 1355 1358 1368 “

287 1471 377 1529 νειν,
400 1442 472 1512 ἀλλ’
487 1447 524 1512 έν
536 1436 563 1533 ᾦ
574 1443 614 1512 τὰ
627 1445 688 1530 μὲν
698 1439 831 1529 ὑμέτερ’
844 1445 912 1510 ἐστὶ
932 1450 994 1524 σᾶ,
1026 1451 1194 1526 καθορᾶτε
1205 1445 1241 1511 δὲ

286 1542 368 1622 τοὺς
384 1544 606 1629 ἐφεστηκότας
622 1540 666 1609 δι’
687 1545 938 1626 αἰσχροκερδίαν
965 1537 1038 1624 οὑχὶ
1049 1540 1248 1626 προσήκου·

287 1660 353 1707 σαν
371 1639 535 1723 πρόνοιαν
548 1640 623 1720 περὶ
632 1644 796 1722 σωτηρίας
805 1635 917 1705 αὐτῶν
927 1640 1153 1723 ποιουμένους.
1186 1645 1244 1709 καλ

286 1737 403 1822 μηδεὶς
413 1731 510 1820 ὑμῶν
529 1735 701 1822 ἐπιτιμήσῃ
718 1743 766 1826 τῷ
784 1735 888 1825 λόγῳ,
909 1733 1030 1820 πικρόν
1046 1735 1130 1805 εἶναι
1146 1747 1242 1825 νομί-

286 1856 367 1916 σας,
389 1830 472 1899 ιἰλλδ
494 1844 561 1912 τοῖς
582 1833 619 1901 τό
642 1838 741 1919 ἔργον
764 1831 845 1902 αὑτό
867 1833 1076 1922 πεποιηκόσι·
1099 1834 1153 1902 διδ
1174 1822 1239 1923 γὰρ

241 1961 276 2013 11
285 1930 366 2010 τοὺς
381 1931 553 2010 τοιούτους
569 1931 663 2000 τοῦτ’
683 1939 780 2000 ἔστιν.
812 1933 974 2019 θαυμάζω
992 1931 1022 2000 δ’
1043 1939 1145 2020 ἔφανε
1156 1943 1190 2003 τί
1198 1936 1243 2021 δή

286 2037 365 2100 ποτε
376 2038 443 2097 τῶν
454 2031 514 2117 μὲν
525 2030 747 2111 ναντολντοὺς
758 2030 1056 2121 ἀπολειπομένους,
1079 2028 1131 2102 ὦν·
1144 2036 1240 2121 τριό-

285 2155 389 2199 κοντα
407 2129 554 2215 δραχμὰς
569 2132 706 2210 ἕκαστος
722 2138 786 2216 ἔχει
802 2133 922 2218 μόνας,
945 2137 1057 2202 δέουσι
1073 2136 1128 2203 καί
1139 2133 1240 2202 κολό-

287 2236 400 2310 ζουσιν
418 2220 526 2294 οὑτοι·
549 2237 617 2296 τῶν
634 2229 670 2296 δὲ
687 2231 896 2314 τριηράρχων
906 2228 985 2308 τοὺς
995 2229 1039 2316 μή
1052 2236 1240 2318 συμπλέον-

285 2355 361 2411 τας,
378 2320 426 2394 οὑν
435 2327 613 2412 τριάκοντα
625 2335 710 2413 μνᾶς
721 2333 766 2405 είς
776 2331 938 2394 ἐπίπλουν
948 2336 1084 2411 εἴληφεν
1094 2331 1239 2414 ἕκαστος,

287 2425 331 2495 οὐ
348 2425 451 2493 ταύτὰ
468 2423 592 2493 ποιεῖθ’
606 2423 714 2511 ὑμεῖς,
738 2422 812 2491 ἀλλ’
824 2423 885 2492 ἐὰν
895 2423 956 2509 μέν
966 2427 1067 2509 πένης
1078 2423 1125 2491 ιόν
1136 2451 1185 2503 τις
1196 2423 1238 2493 δι’

286 2531 419 2593 ἔνδειαν
429 2521 654 2612 ὑμόρτη,τοῖς
664 2524 811 2608 ἐσχάτοις
822 2523 991 2606 ἐπιτιμίοις
1001 2524 1157 2605 ἐνέξεται,
1182 2520 1242 2590 ἑόν

287 2624 324 2692 δὲ
336 2625 495 2702 πλούσιος
507 2619 556 2690 οὑν
567 2620 612 2690 δι’
628 2624 880 2707 αἰσχροκερδίαν
904 2617 1007 2685 ταύτό
1016 2619 1147 2707 ποιήση,
1159 2640 1238 2704 συμ-

285 2723 422 2809 μνιόμης
433 2724 594 2803 τεόξεταις
605 2724 661 2790 καὶ
671 2728 738 2789 που
748 2719 785 2788 τὸ
797 2720 924 2797 πάντας
935 2725 1019 2803 ἔχειν
1029 2727 1104 2786 ῖσον
1114 2723 1168 2785 καὶ
1181 2723 1241 2804 δη-

286 2815 1241 2908 μοκρατεῖσθαιφαίνεται,τοὺτοντόντρόπονὺμῶνταῦτα

242 2947 278 2999 12
286 2921 543 3008 βραβευόντων;
561 2927 735 2988 ἔτιτοίννν
746 2925 857 3005 ἔμοιγε
869 2921 960 2985 δοκεῖ
967 2915 1100 2984 κάκεῖνο
1112 2913 1241 3000 ἀλόγοις

287 3025 392 3103 ἔχειν,
412 3015 473 3085 τόν
490 3016 551 3104 μὲν
568 3018 703 3086 εἰπόντα
720 3044 752 3084 τι
768 3015 815 3103 μή
830 3015 913 3084 κατὰ
930 3013 1008 3094 τοὺς
1018 3015 1159 3100 νόμους,
1183 3015 1241 3082 ἐὰν

286 3113 376 3204 ἁλῷ,
389 3112 425 3182 τό
437 3123 548 3200 τρίτον
559 3122 657 3201 μέρος
667 3114 856 3203 ἠτιμῶσθαι
866 3122 927 3187 τοῦ
939 3113 1104 3199 σώματος,
1116 3115 1195 3193 τοὺς
1206 3114 1242 3182 δὲ

284 3212 330 3300 μή
350 3213 470 3298 λόγον,
492 3212 566 3281 ἀλλ’
586 3220 685 3300 ἔργον
701 3216 897 3302 παράνομον
913 3211 1130 3298 πεποιηκότας
1139 3219 1241 3301 μηδε-

285 3317 366 3397 μίαν
378 3315 497 3377 δοῦναι
508 3316 614 3398 δίκην.
634 3317 689 3381 καλ
701 3314 783 3401 μήν,
797 3304 824 3380 ὑ
832 3311 952 3396 ἄνδρες
958 3309 1143 3400 Ἀθηναῖοι,
1154 3315 1241 3383 πόν-

284 3436 339 3488 τες
349 3407 443 3496 ὑμεῖς
460 3410 582 3495 φήσετε
596 3409 633 3481 τό
645 3410 729 3499 πρός
738 3410 778 3480 τό
789 3418 926 3478 τοιαῦτα
937 3408 1049 3497 πράως
1061 3413 1146 3495 ἔχειν
1156 3436 1241 3500 προο·

286 3507 456 3576 διδάσκειν
468 3511 599 3597 ἑτέρους
609 3509 747 3589 ἀδίκους
758 3509 852 3584 εἶναι.

242 3619 277 3674 13
369 3604 541 3693 Βούλομαι
556 3615 689 3695 τοίνυν,
712 3606 888 3692 ἐπειδήπερ
910 3614 1102 3695 παρῆλθον,
1123 3615 1179 3678 καῖ
1199 3606 1240 3675 τδι
1330 3596 1343 3608 ”

286 3712 515 3792 συμβαίνοντα
525 3705 590 3776 ἀπὸ
602 3717 671 3777 τοῖν
682 3706 844 3777 τοιοὺταν
852 3703 933 3792 ὑμῖν
942 3711 1130 3787 διεξελθεῖν.
1152 3710 1242 3776 ἐπει-

327 3802 464 3855 Demosth.
488 3803 546 3855 Vol.
559 3805 607 3857 ΠΙ.
1052 3806 1085 3858 12
