3159 4409
552 524 694 587 ΚΑΤΑ
713 523 956 585 ΝΕἈΙΡΑΣ.
1164 519 1226 585 277

283 681 511 777 φήντήνέμήν
521 686 655 771 καὶπερὶ
664 682 749 773 ήμάς
759 679 915 766 ἅπαντας,
927 683 982 748 καὶ
991 678 1178 768 ἡγουμένου
1187 691 1228 772 τῇ

283 782 425 872 ἀληθείᾳ
436 789 575 862 οἰκείους
591 782 687 861 ὄντας
696 793 870 850 κοινωνεῖν
881 779 1016 847 πάντων
1025 786 1093 846 τῶν
1108 778 1226 867 όντων,

282 887 403 968 ἔλαβον
417 885 471 948 καί
482 878 545 966 ἐγιδ
563 894 704 966 γυναῖκα
711 876 962 960 Ἀπολλοδώρου
976 877 1038 962 μὲν
1048 882 1226 966 θυγατέρα,
1235 897 1302 954 1346

256 975 504 1065 ςάδελφιδήνδ
517 981 670 1065 ἐμαυτοῦ.
690 975 1228 1065 προεληλυθότοςδὲχρόνοαλαγ-

282 1077 374 1163 χάνει
391 1076 574 1165 βουλεύειν
591 1074 848 1159 Ἀπολλόδωρος·
878 1079 1090 1161 δοκιμασθείς
1111 1077 1146 1144 δὲ
1173 1079 1227 1145 καὶ

284 1174 406 1261 ὀμόσας
416 1173 476 1242 τόν
492 1176 635 1261 νόμιμον
652 1173 771 1260 ὅρκου,
794 1173 983 1261 συμβάντος
997 1180 1038 1262 τῇ
1049 1175 1144 1243 πόλει
1155 1201 1229 1242 και-

284 1281 348 1359 ροῦ
357 1272 511 1340 τοιούτου
521 1275 748 1359 καὶπολέμου,
765 1277 803 1340 ἐν
814 1264 843 1362 ᾦ
851 1264 895 1358 ήν
906 1266 928 1357 ή
937 1272 1139 1358 κρατήσασιν
1149 1270 1229 1358 ὑμῖν

283 1381 444 1458 μεγίστοις
455 1380 523 1440 τῶν
535 1369 699 1458 Ἑλλήνων
717 1370 866 1438 εἶναικαὶ
884 1368 1179 1458 ἀναμφισβητήτως
1188 1369 1229 1439 τά

283 1495 318 1537 τε
327 1467 469 1556 ὑμέτερα
480 1468 591 1537 αὐτῶν
605 1479 801 1555 κεκομίσθαι
816 1471 871 1536 καὶ
888 1471 1230 1554 καταπεπολεμηκέναι

284 1575 467 1654 Φίλιππον,
489 1565 727 1655 ήάστερήσασι
743 1575 783 1654 τή
804 1570 944 1653 βοηθείᾳ
967 1566 1022 1633 καὶ
1039 1568 1229 1651 προεμένοις

283 1664 362 1743 τοδς
373 1665 579 1751 συμμάχους,
597 1663 636 1732 δι’
650 1663 791 1750 ἀπορίαν
801 1663 975 1750 χρημάτων
986 1666 1229 1744 καταλυθέντος

284 1770 346 1829 τοῦ
358 1764 595 1848 στρατοπέδου,
616 1763 754 1842 τούτους
762 1761 787 1830 τ’
801 1761 959 1830 ἀπολέσαι
975 1764 1109 1842 καὶτοῖς
1119 1761 1229 1842 ἄλλοις

276 1859 431 1945 Ἕλλησιν
448 1857 605 1938 ἀπίστους
625 1859 708 1928 εἶναι
725 1864 835 1928 δοκεῖν
851 1860 907 1928 καὶ
929 1861 1138 1929 κινδυνεύειν
1155 1861 1229 1947 περὶ

285 1984 353 2024 των
362 1955 564 2043 υπολοιπων,
576 1965 652 2046 περί
660 1985 695 2026 τε
705 1959 844 2046 Λήμνου
855 1961 911 2027 καλ
924 1957 1230 2047 ἽμβρουκαὶΣκό-

257 2081 349 2177 ςρου
369 2059 424 2123 καὶ
444 2057 676 2144 Χερρονήσου,
707 2060 761 2127 καὶ
781 2058 970 2144 μελλόντων
991 2058 1231 2144 στρατεύεσθαι

286 2152 380 2239 ὑμεῖν
391 2158 609 2241 πανδημεὶεῖς
620 2182 654 2224 τε
667 2156 817 2243 Εὔβοιαν
832 2149 918 2225 καῖ’
911 2164 1086 2239 Ολννθον,
1108 2162 1230 2240 ἔγραψε

285 2252 647 2342 ψήφισμαέντήβουλή
657 2253 1146 2340 Ἀπολλόδωροςβουλεόωνκαλ
1156 2252 1230 2339 ἐξή-

286 2375 382 2435 νεγκε
394 2351 628 2437 προβούλευμα
641 2358 686 2430 είς
696 2350 756 2418 τόν
768 2356 884 2436 δήμου,
905 2357 1010 2435 λέγων
1031 2356 1231 2435 διαχειροτο-

281 2457 385 2536 υήσαι
401 2446 462 2515 τόν
479 2440 584 2534 δῆμον
595 2459 658 2517 εῖτε
670 2453 763 2515 δοκεῖ
778 2447 818 2514 τά
837 2447 990 2532 περιόντα
1012 2447 1159 2533 χρήματα
1174 2453 1231 2530 τής

287 2547 479 2633 διοικήσεως
490 2546 705 2629 στρατιωτικὰ
716 2543 799 2613 εἶναι
810 2554 874 2612 είτε
890 2541 1053 2629 θεωρικὰ,
1074 2541 1231 2610 κελευόν-

286 2673 354 2714 των
364 2646 425 2732 μεν
434 2653 502 2713 τῶν
512 2645 635 2731 νόμων,
644 2644 725 2713 όταν
736 2643 878 2730 πόλεμος
888 2637 921 2731 ή,
932 2641 972 2710 τά
984 2640 1138 2729 περιόντα
1149 2639 1232 2725 χρή-

286 2771 373 2830 ματα
392 2752 449 2830 τῆς
477 2745 668 2833 διοικήσεως
691 2741 906 2830 στρατιωτικά
927 2741 1027 2827 εἶναι,
1055 2740 1174 2824 κόριον
1198 2737 1230 2805 δ’

285 2841 471 2929 ἡγούμενος
488 2847 558 2911 δεῖν
574 2840 633 2912 τόν
650 2849 755 2929 δήμου
772 2840 857 2909 εἶναι
873 2839 948 2925 περὶ
964 2847 1032 2906 των
1049 2835 1154 2905 αὑτοῦ
1170 2834 1233 2903 ότι

287 2939 333 3007 ἀν
349 2941 507 3027 βούληται
521 2949 657 3028 πρᾶξαι,
679 2937 859 3028 ὀμωμοκώς
876 2941 911 3008 δὲ
927 2940 966 3007 τὰ
985 2940 1133 3025 βέλτιστα
1149 2941 1233 3020 βου-

287 3039 421 3107 λεύσειν
430 3047 475 3128 τῷ
486 3041 578 3130 δήμῳ
589 3050 636 3131 τῷ
642 3039 839 3126 Ἀθηναίων,
847 3037 892 3119 ἀς
901 3036 993 3126 ὑμεῖς
1003 3037 1121 3113 πάντες
1131 3036 1233 3119 ἐμαρ-

260 3137 449 3226 5τυρήσατε
461 3141 498 3206 ἐν
509 3141 622 3228 ἐκείνῳ
637 3146 682 3228 τῷ
693 3147 805 3229 καιρῷ.
830 3143 1007 3225 γενομένης
1017 3135 1080 3220 γὰρ
1092 3140 1149 3219 τής
1161 3137 1232 3199 δια·
1249 3193 1258 3206 ,

287 3244 500 3360 χειροτονίας
508 3236 617 3317 οὐδεὶς
639 3236 945 3325 ἀντεχειροτόνησεν
969 3232 1013 3313 ἀς
1035 3231 1077 3301 06
1095 3235 1147 3299 δεῖ
1165 3244 1233 3308 τοῖς

286 3337 989 3462 χρήμασιτοότοιςστρατὶωτικοῖςχρήσδαι,
1009 3327 1092 3398 αλλα
1103 3331 1157 3397 καὶ
1168 3355 1233 3396 νυν

289 3432 388 3521 ἔτι,”
365 3462 409 3503 αν
417 3459 484 3502 που
495 3434 593 3518 λογος
603 3437 750 3522 γενηται,
772 3432 861 3517 παρὰ
879 3430 1013 3498 πάντων
1028 3427 1232 3515 ὁμολογεῖται

289 3529 334 3612 ὡς
349 3534 390 3600 τά
405 3537 555 3622 βέλτιστα
575 3560 590 3602 ε
591 3540 678 3602 πων
688 3533 787 3601 ἀδικα
799 3533 914 3598 πάδοι.
938 3553 983 3618 τω
999 3519 1063 3595 οὖν
1073 3525 1232 3611 ἐξαπατή-

288 3651 382 3699 σαντι
399 3658 443 3699 τω
429 3632 547 3722 λόγω
565 3630 642 3711 τοδς
659 3627 815 3707 δικαστάς
827 3632 955 3695 δίκαιον
965 3623 1169 3714 όργιΐεσθαι,
1190 3617 1307 3698 061347

286 3745 356 3810 τοῖς
375 3700 614 3817 ἐξάπατηθεῖσι.
652 3726 863 3816 γραψάμενος
884 3722 948 3811 γάρ
969 3724 1172 3825 παρανόμων
1191 3715 1228 3785 τό
