3159 4409
554 497 696 559 πεοε
718 478 1009 561 Τιωοοαοα.
1194 503 1256 570 143

306 660 363 726 καὶ
378 654 442 744 τήν
457 663 547 743 μνᾶν
563 663 623 724 τοῦ
642 654 804 747 ἀργυρίου
816 659 1021 744 ἐδανείσατο,
1043 659 1256 752 ἀφικομένων

307 753 351 836 ώς
363 764 485 824 τοῦτον
492 754 643 824 Ἀλκέτου
654 757 709 822 καλ
718 752 869 834 Ἰάσονος.

259 869 296 924 25
355 938 360 952 ἱ
387 859 538 923 ’Μέλλων
553 843 669 921 τοίνυν
686 851 869 939 ἀποδημεῖν
887 852 932 934 ώς
941 859 1094 943 βασιλέα,
1117 862 1172 928 καὶ
1183 866 1256 930 δια-

305 954 514 1040 πραξάμενος
535 955 714 1020 ἐκπλεῦσαι
736 950 781 1030 ώς
801 959 933 1038 βασιλεῖ
945 956 1181 1044 στρατηγήσων
1196 959 1257 1028 τὸν

305 1050 359 1120 ἐπ’
370 1061 546 1136 Αἴγυπτον
565 1050 727 1136 πόλεμον,
748 1055 805 1119 λνα
822 1049 865 1138 μή
885 1057 931 1140 δῷ
950 1053 1072 1124 ἐνθάδε
1088 1056 1190 1145 λόγον
1202 1061 1257 1127 καλ

305 1149 453 1228 εύθύνας
463 1156 521 1234 τής
533 1156 743 1235 στρατηγίας,
759 1154 1053 1239 μεταπεμψάμενος
1062 1155 1123 1225 τὸν
1132 1158 1257 1243 πατέρα

304 1247 366 1315 τὸν
381 1243 463 1333 ἐμὸν
480 1253 525 1325 είς
540 1244 577 1314 τό
590 1246 763 1334 Παράλιον
777 1255 848 1316 τών
864 1275 899 1316 τε
907 1259 1201 1341 ’προϋπηργμένων
1212 1262 1257 1335 είς

257 1344 408 1422 υσαύτόν
425 1343 554 1431 ἐπῄνει,
576 1347 633 1412 καλ
649 1349 753 1414 ἐδεῖτο
770 1343 875 1429 αύτρῦ
893 1351 1057 1435 συστήσας
1069 1353 1257 1440 Φιλώνδαν,

311 1443 419 1531 ἀνδρα
435 1443 472 1517 τὸ
491 1443 553 1529 μὲν
567 1448 665 1528 γένος
675 1424 856 1530 Μεγαρέα;
874 1456 1092 1530 μετοικοῦντα
1110 1448 1140 1517 δ’
1154 1448 1258 1537 Ἀθή-

305 1546 398 1630 υησι,
422 1549 543 1619 πιστῶς
559 1541 595 1608 δὲ
612 1541 720 1631 τούτῳ
738 1547 946 1628 διακείμενον
964 1547 1019 1613 καὶ
1029 1544 1257 1633 ὑπηρετοῦντα

304 1645 342 1710 ἐν
353 1638 666 1728 ἐκείνω-τῷχρόνηε,
684 1641 818 1709 ἐπειδὰν
829 1639 985 1729 ἀφίκηται
996 1647 1033 1713 ἐκ
1043 1651 1256 1727 Μακεδονίας
1266 1660 1333 1715 1192

306 1739 324 1807 ὁ
339 1738 527 1822 Φιλώνδας,
539 1734 581 1804 δν
591 1746 727 1824 συνίστη
738 1731 837 1818 ούτος
845 1747 891 1830 τῷ
902 1744 1000 1828 πατρί
1009 1751 1057 1831 τῷ
1067 1745 1136 1832 ἐμῷ
1141 1795 1150 1829 ,
1163 1744 1256 1831 ἀγων

304 1837 388 1917 ξύλα
400 1834 440 1903 τά
451 1840 594 1903 δοθέντα
604 1834 711 1923 τούτῳ
722 1833 787 1905 ῦπό
799 1834 978 1925 Ἀμύντου,
1000 1838 1037 1908 τό
1048 1848 1175 1911 ναῦλον
1186 1852 1255 1912 τών

304 1935 415 2017 ξύλων
425 1945 606 2018 παρασχεῖν
616 1936 672 2002 καί
682 1935 775 2003 ἐᾶσαι
785 1933 983 2025 ἀνακομίσαι
992 1937 1033 2007 τά
1045 1939 1127 2020 ξύλα
1138 1949 1184 2020 είς
1193 1940 1255 2027 τήν

304 2040 414 2103 οἰκίαν
427 2032 488 2118 τήν
499 2033 621 2101 ἑαυτοῦ
630 2030 693 2118 τήν
703 2036 739 2101 ἐν
748 2040 909 2120 Πειραιεῖ·
925 2034 1031 2104 αὑτοῦ
1040 2037 1106 2125 γάρ
1119 2039 1204 2108 εἶναι
1213 2038 1254 2107 τά

257 2159 292 2216 ῃ
303 2134 394 2214 ξύλα.
428 2130 495 2218 ἀμα
511 2156 547 2200 τε
565 2139 608 2219 τῇ
618 2132 727 2220 δεήσει
742 2131 812 2202 ελπε
822 2135 925 2220 λόγον
953 2129 979 2227 ᾧ
1005 2135 1068 2204 οῦκ
1080 2136 1254 2206 ἀκόλουθα

303 2246 392 2300 ποιεί
405 2231 446 2299 τά
462 2239 542 2317 ἔργα
559 2236 652 2299 νυνί·
674 2235 736 2317 ἔφη
754 2230 836 2319 γάρ,
857 2229 923 2299 κάν
939 2231 984 2318 μή
1000 2233 1082 2320 τύχη
1093 2228 1141 2302 ῦν
1152 2239 1254 2304 ἐδεῖτο

302 2337 364 2399 τοῦ
382 2328 522 2414 πατρὸς,
545 2328 609 2397 ούκ
625 2327 892 2415 ὀργισθήσεσθαι
909 2329 1020 2414 ώσπερ
1038 2328 1082 2398 ἀν
1098 2332 1196 2411 ἀλλος
1206 2359 1255 2412 τις

303 2428 493 2516 ἀποτυχών,
516 2425 590 2495 ἀλλ’
611 2419 660 2494 ών
677 2426 767 2514 αύτῷ
786 2429 939 2519 δεηθέντι
949 2424 1151 2514 ύπηρέτηκε,
1174 2431 1256 2498 τού-
1344 2442 1351 2448 “

303 2552 387 2614 των,
405 2529 449 2596 ἀν
460 2551 539 2595 ποτε
550 2525 709 2611 δύνηται,
726 2521 1031 2611 χάρινάποδώσειν.
1065 2523 1211 2606 ἀκούσας
1222 2527 1252 2595 δ’

303 2627 327 2698 δ’
340 2627 447 2716 πατήρ
465 2625 484 2696 ὁ
503 2626 581 2713 ἐμὸς
598 2631 703 2692 ταῦτα
717 2623 809 2711 ήσθη
825 2650 861 2693 τε
876 2637 944 2702 τοῖς
954 2624 1132 2709 λύγοιςκαλ
1142 2625 1256 2714 ἐπῄνει

300 2735 424 2797 τοῦτον
442 2725 494 2794 ὅτι
510 2728 673 2811 μέμνηται
683 2717 723 2792 εύ
734 2722 875 2810 παθών,
897 2727 952 2791 καλ
963 2722 1026 2792 ὅσα
1037 2722 1143 2792 αὐτοῦ
1153 2727 1255 2793 ἐδεῖτο

257 2826 461 2912 λθύπέσχετο
474 2824 632 2911 ποιήσειν.
648 2825 712 2905 Ικαὶ
722 2816 820 2902 οὗτος
831 2822 893 2909 μὲν
901 2819 983 2909 μετὰ
991 2824 1164 2909 ταῦτα-τήν
1173 2820 1256 2889 ἀυα-
1272 2829 1275 2834 ’

300 2924 416 3014 γωγήν
427 2929 563 2992 ἐποιεῖτο
575 2920 710 3003 ώςτούς
727 2919 929 3011 στρατηγούς
945 2920 1025 3005 τούς
1039 2923 1215 3010 βασιλέως,
1236 2916 1254 2987 ὃ

301 3027 338 3095 δέ
349 3024 539 3109 Φιλώνδας,
558 3014 586 3113 ᾦ
597 3026 777 3109 συνέστησε
786 3019 848 3090 τὸν
858 3025 982 3108 πατέρα
994 3019 1054 3089 τδν
1064 3020 1155 3108 ἐμὸν,
1168 3024 1255 3089 ἐπει-

301 3123 367 3194 δάν
377 3123 533 3210 ἀφίκηται
545 3121 637 3208 ἀγων
646 3122 687 3189 τά
699 3119 845 3208 ξύλα,τό
858 3129 986 3190 ναῦλον
998 3134 1194 3207 παρασχεῖν,
1208 3127 1254 3200 είς

300 3222 365 3312 τήν
381 3220 599 3292 Μακεδονίαν
615 3219 678 3308 τήν
696 3227 834 3307 πορείαν
851 3224 999 3289 ἐποιεῖτο.
1033 3220 1088 3286 καί
1110 3209 1202 3288 οῦτοι
1221 3225 1255 3289 ολ

299 3325 418 3412 χρόνοι
433 3317 521 3412 ήσαν
537 3324 613 3408 περὶ
629 3328 850 3408 θαργηλιῶνα
859 3328 948 3406 μήνα
966 3314 1175 3387 ἐπ”Αστείου
1192 3317 1254 3402 ἀρ-

257 3447 424 3511 υρχοντος.
460 3430 508 3509 τῷ
525 3418 557 3488 δ’
575 3418 702 3510 ὑστέρῳ
714 3425 778 3488 ἐτει
790 3415 997 3505 ἀφικομένου
1006 3426 1068 3486 τοῦ
1078 3416 1253 3486 Φιλώνδου

302 3527 339 3592 ἐκ
356 3530 415 3608 τῆς
430 3525 644 3598 Μακεδονίας
661 3518 801 3604 ἀγοντος
817 3513 857 3585 τά
881 3515 978 3601 ξύλα,
1002 3512 1253 3603 ἀποδημοῦντος

302 3621 426 3690 τούτου
442 3619 532 3705 παρά
550 3625 692 3705 βασιλεῖ,
715 3618 770 3684 καί
784 3616 1030 3703 προσελθόντος
1039 3614 1195 3706 τεῦ-πατρὶ
1205 3619 1252 3702 τῷ

303 3721 373 3808 ἐμῷ
389 3720 445 3787 καὶ
462 3717 657 3795 κελεύοντος
672 3713 711 3784 τὰ
727 3708 854 3783 ναῦλον
864 3715 1051 3794 τῦνξύλων
1061 3725 1250 3797 παρασχεῖν,
