3159 4409
488 501 630 563 ΠΡΟΣ
649 500 1028 561 MAKAPTATON.
1086 464 1090 473 ’
1188 495 1230 559 41

280 661 368 730 πολὺ
380 665 539 746 ἐγίγνετοι
567 662 689 740 ταύτας
707 653 801 727 οὗτοι
817 657 979 728 άπίδοντο
991 661 1231 744 ἐκπρεμνίσαν-

279 788 348 847 τες,
368 763 422 828 καί
441 760 606 847 α’ργόριον
624 758 797 844 ὑπέρπολυ
809 765 940 845 ἔλαβον.
974 759 1028 824 καὶ
1039 755 1125 825 ταῦτ’
1140 761 1308 832 &noc-1074

280 886 345 928 ουν
356 852 448 926 οὗτοι
459 863 610 927 ἐπιδίκου
620 856 716 936 όντος
731 866 793 926 τοῦ
809 857 935 943 κλήρου
952 863 1013 924 τοῦ
1025 854 1158 940 Ἀγνίου
1169 885 1230 924 κα-

280 960 321 1025 τά
343 958 403 1024 τόν
425 962 532 1045 νόμον
552 954 630 1026 καθ’
649 955 753 1042 ὅνμερ
771 949 865 1026 οὗτοι
880 955 942 1043 την
958 958 1093 1024 τουτουί
1109 959 1231 1041 μητέρα

235 1079 273 1135 70
281 1059 576 1140 προσεκαλέσαντο.
609 1053 662 1124 ότι
679 1059 715 1124 δὲ
732 1054 821 1123 ταῦτ’
838 1055 950 1142 ἀληθῆ
967 1059 1051 1141 λε’γω
1082 1059 1137 1123 καλ
1163 1059 1232 1137 ἐξε-

280 1157 464 1239 πρέμνισαν
476 1146 571 1223 οὗτοι
586 1155 645 1234 τάς
663 1155 760 1234 ἐλάας
771 1158 807 1222 ἐκ
825 1162 893 1222 τῶν
903 1161 1034 1240 χωρίων
1046 1145 1094 1220 τόν
1102 1151 1232 1237 Ἁγνίας

277 1256 446 1338 κατέλιπε,
468 1252 640 1338 μάρτυρας
661 1251 741 1340 ὑμῖν
762 1254 894 1322 τούτων
920 1255 1130 1339 παρεξόμεθα
1151 1250 1232 1329 τούς

278 1378 313 1419 τε
335 1352 549 1437 προσχώρους
573 1358 627 1420 καλ
653 1361 722 1421 τῶν
743 1353 856 1421 ἄλλων
873 1350 934 1432 οὓς
945 1355 1232 1435 παρεκαλέσαμεν,
1284 1405 1288 1420 ι

279 1447 324 1517 ὅτ’
348 1450 644 1537 ἐπεμαρτυρόμεθα
671 1455 747 1535 περὶ
774 1453 914 1521 τούτων.
968 1455 1041 1535 λε’γε
1062 1449 1123 1538 την
1144 1476 1231 1535 μαρ-

278 1556 406 1633 τνρίαν.

632 1671 874 1734 Mamm.
949 1629 951 1640 ’

355 1783 594 1888 [Μαρτυροῦσιν
623 1776 850 1890 άκολουθῇσαι
859 1778 1044 1884 Ἀραφῆνάδε
1076 1790 1228 1884 παρακλη-

296 1882 301 1890 ’
321 1863 453 1938 θέντες*
434 1859 492 1928 υπὸ
501 1867 656 1929 Σωσιθέου
667 1870 707 1942 είς
717 1863 784 1942 τοὺς
790 1859 875 1951 Ἀγνί
874 1893 909 1931 ον
913 1862 1044 1972 άγρούς,
1062 1862 1160 1950 ἐπειδη
1174 1872 1228 1931 62-

321 1943 452 2027 όπομτιος
463 1946 652 2013 ἐπεδικάσατο
663 1975 714 2015 του
701 1948 837 2054 ’κλήρου
847 1958 900 2015 τοῦ
913 1947 1046 2034 Αγνίου,
1060 1977 1110 2013 και
1101 1952 1229 2014 ἐπιδει-

209 2093 212 2105 ,
321 2029 428 2095 κνόναι
446 2028 545 2109 αὑτοῖς
556 2032 752 2099 Σωσίθεον
721 2061 772 2111 τας
785 2033 871 2113 ἐλάας
881 2037 1110 2116 πρεμνιζομενας
1127 2036 1160 2098 ἐκ
1177 2041 1230 2098 τοῦ

315 2112 401 2197 Ἀγνί
400 2111 560 2202 ονάγροῦ.]

235 2263 268 2317 71
362 2246 616 2329 Είμὲντοίνυν,
641 2272 666 2312 ιο
655 2238 799 2331 άνδρες
811 2249 978 2330 δικασταὶ,
1001 2246 1061 2313 τόν
1080 2254 1230 2312 τετελευ-

277 2339 398 2426 τηκότα
409 2340 516 2425 μόνον
526 2340 662 2428 ὕβριζον
668 2354 771 2411 ταῦτα
784 2343 1052 2427 διαπραξάμενοι,
1065 2341 1157 2409 δεινά
1168 2341 1230 2426 μὲν

277 2442 423 2524 ἐποίουν,
437 2432 538 2524 ἦττον
550 2444 602 2506 δέ·
614 2449 680 2508 νῦν
692 2441 727 2508 66
739 2445 794 2508 καὶ
808 2449 853 2519 είς
865 2441 948 2525 ὅλην
958 2440 1019 2526 τὴν
1031 2441 1127 2507 πόλιν
1138 2441 1237 2506 ταυτδ

277 2537 434 2627 ὑβρίκασι
445 2540 499 2604 καὶ
510 2541 833 2625 παρανενομήκασιν.
858 2540 1031 2624 γνώσεσθε
1044 2541 1089 2621 δὲ,
1098 2537 1232 2606 ἐπειδάν

277 2646 339 2706 τοῦ
351 2637 458 2723 νόμον
469 2635 640 2724 άκοόσητε.
664 2635 1088 2724 άναγίγνωσκετὸννόμον.

665 2777 842 2838 ΝΟΜΟΣ.

366 2860 450 2965 [Ἐάν
466 2909 512 2960 τις
527 2885 616 2951 ἐλάαν
630 2871 793 2992 Ἀθήνησιν
810 2884 960 2996 ἐξορόττη,
978 2880 1085 2948 ἐάν
1049 2913 1089 2966 μη
1101 2887 1141 2959 είς
1152 2877 1231 2990 ιερὸν

319 2962 488 3048 Ἀθηναίων
500 2968 670 3054 δημόσιονῆ
682 2966 884 3074 δημοτικὸν,
864 3001 904 3074 η
897 2974 989 3057 ἕαντςο
977 2977 1132 3074 χρῆσθαι
1148 2969 1231 3049 μέχρι

322 3056 408 3115 δυοῖν
419 3049 519 3117 ἐλάαιν
528 3079 581 3117 του
568 3056 726 3118 ἐνιαυτοῦ
716 3052 904 3157 ἑκάστου,
883 3083 903 3138 η
915 3057 962 3119 ἐπὶ
970 3035 1166 3116 άποθανόντα
1178 3052 1229 3152 δέη

321 3133 501 3240 χρησασθαι,
508 3133 657 3216 ὀφείλειν’
643 3134 929 3242 εκατδνδραχμάςτῳ
917 3141 1117 3222 δημοσίῳ
1082 3162 1133 3239 της
1142 3113 1229 3210 ἐλάας

322 3219 453 3300 ἑκάστης.
475 3245 507 3283 το
495 3217 551 3284 66
562 3222 795 3287 ἐπιδέκατον’
742 3249 847 3288 τουτου
859 3251 910 3332 της
920 3229 995 3286 θεοῦ
1007 3201 1091 3284 εἶναι.
1113 3215 1227 3323 όφειλέ-

322 3328 362 3367 τοι
380 3304 411 3366 δὲ
429 3305 535 3390 καὶτῷ
553 3303 655 3409 ἰδιάτη
671 3333 712 3394 τῳ
700 3306 898 3386 ἐπεξιόντι
884 3303 987 3370 εκατὸν
997 3300 1140 3405 δραχμάς
1157 3297 1227 3369 καθ’

322 3384 447 3492 ἑκάστην
460 3368 557 3453 ἐλάαν.
578 3385 630 3466 τάς
639 3369 681 3455 δὲ
693 3372 776 3468 δίκας
785 3389 862 3456 εἶναι
877 3392 945 3474 περὶ
954 3385 1064 3453 τούτων
1074 3385 1147 3469 πρὸς
1162 3384 1230 3463 τοὺς

315 3468 472 3574 ’ἄρχοντας
485 3462 527 3536 ὧν
538 3474 653 3539 ἕκαστοι
665 3475 802 3540 δικασταί
817 3479 880 3538 εἰσι.
908 3481 1068 3580 πρυτανεῖα
1081 3476 1113 3538 δὲ
1123 3475 1230 3539 τνθέτιο
1316 3476 1318 3480 ⁴

321 3550 505 3620 ὃδιιόκων
486 3562 539 3620 τοῦ
558 3553 648 3622 αὑτοῦ
670 3561 784 3643 μέρους
809 3553 978 3662 ότουδζἋ
958 3584 997 3620 αν
988 3561 1226 3665 καταγνῶσθη,

321 3637 552 3744 ἐγγραφόντων
545 3639 611 3704 οἱ”
591 3668 742 3726 αρχοντες,
764 3637 837 3751 πρὸς
854 3637 905 3717 οὓς
922 3638 961 3704 δν
980 3633 1001 3728 ᾖ
1021 3639 1041 3724 ἡ
1063 3647 1147 3721 δίκη,
1168 3664 1230 3712 τοις
1240 3654 1306 3710 1075

321 3725 517 3810 πράκτορσιν,
536 3721 552 3788 6
568 3751 608 3811 τῳ
596 3730 746 3813 ”ί,δημοσ
735 3751 758 3788 οι
774 3730 917 3808 γίγνεται·
944 3722 1003 3791 οδὲ
1012 3752 1048 3812 τη
1034 3731 1122 3808 θεῷ
1133 3727 1228 3806 γίγνε-

1333 3868 1353 3898 0
