<?xml version="1.0" encoding="UTF-8"?>
<!DOCTYPE html PUBLIC "-//W3C//DTD XHTML 1.0 Transitional//EN"
    "http://www.w3.org/TR/xhtml1/DTD/xhtml1-transitional.dtd">
<html xmlns="http://www.w3.org/1999/xhtml" xml:lang="en" lang="en">
 <head>
  <title>
</title>
<meta http-equiv="Content-Type" content="text/html;charset=utf-8" />
  <meta name='ocr-system' content='tesseract 3.04.00' />
  <meta name='ocr-capabilities' content='ocr_page ocr_carea ocr_par ocr_line ocrx_word'/>
</head>
<body>
  <div class='ocr_page' id='page_1' title='image "./orationesexrece02demogoog_0031.png"; bbox 0 0 3159 4409; ppageno 0'>
   <div class='ocr_carea' id='block_1_1' title="bbox 463 446 1232 564">
    <p class='ocr_par' dir='ltr' id='par_1_1' title="bbox 463 446 1232 564">
     <span class='ocr_line' id='line_1_1' title="bbox 463 446 1232 564; baseline 0.012 -8"><span class='ocrx_word' id='word_1_1' title='bbox 463 461 631 557; x_wconf 51' lang='lat'><em>‘11902</em></span> <span class='ocrx_word' id='word_1_2' title='bbox 659 446 1038 564; x_wconf 73' lang='grc' dir='ltr'><em>ΜΑΚΑννΑτοΝ.</em></span> <span class='ocrx_word' id='word_1_3' title='bbox 1191 499 1232 564; x_wconf 77' lang='lat'><em>25</em></span> 
     </span>
    </p>
   </div>
   <div class='ocr_carea' id='block_1_2' title="bbox 232 652 1315 3846">
    <p class='ocr_par' dir='ltr' id='par_1_2' title="bbox 232 652 1272 1334">
     <span class='ocr_line' id='line_1_2' title="bbox 232 652 1233 749; baseline 0.006 -25"><span class='ocrx_word' id='word_1_4' title='bbox 232 652 235 657; x_wconf 42' lang='lat'><em>&#39;</em></span> <span class='ocrx_word' id='word_1_5' title='bbox 285 655 449 743; x_wconf 78' lang='grc' dir='ltr'><em>ἐγγυτέρω</em></span> <span class='ocrx_word' id='word_1_6' title='bbox 459 654 672 744; x_wconf 77' lang='grc' dir='ltr'><em>Εὐβουλίδην</em></span> <span class='ocrx_word' id='word_1_7' title='bbox 684 654 743 724; x_wconf 82' lang='grc' dir='ltr'><em>τὸν</em></span> <span class='ocrx_word' id='word_1_8' title='bbox 755 660 855 723; x_wconf 79' lang='grc' dir='ltr'><em>παῖδα</em></span> <span class='ocrx_word' id='word_1_9' title='bbox 866 661 999 727; x_wconf 82' lang='grc' dir='ltr'><em>τουτονὶ</em></span> <span class='ocrx_word' id='word_1_10' title='bbox 1008 663 1063 728; x_wconf 78' lang='grc' dir='ltr'><em>καὶ</em></span> <span class='ocrx_word' id='word_1_11' title='bbox 1074 662 1233 749; x_wconf 82' lang='grc' dir='ltr'><em>Φυλομά-</em></span> 
     </span>
     <span class='ocr_line' id='line_1_3' title="bbox 284 753 1272 846; baseline -0.003 -23"><span class='ocrx_word' id='word_1_12' title='bbox 284 783 363 842; x_wconf 85' lang='grc' dir='ltr'><em>χην,</em></span> <span class='ocrx_word' id='word_1_13' title='bbox 382 754 658 844; x_wconf 77' lang='grc' dir='ltr'><em>ἥέστιμητηρτῷ</em></span> <span class='ocrx_word' id='word_1_14' title='bbox 669 756 775 840; x_wconf 81' lang='grc' dir='ltr'><em>παιδὶ,</em></span> <span class='ocrx_word' id='word_1_15' title='bbox 798 753 1011 842; x_wconf 80' lang='grc' dir='ltr'><em>Εὐβουλίδου</em></span> <span class='ocrx_word' id='word_1_16' title='bbox 1021 757 1056 824; x_wconf 75' lang='grc' dir='ltr'><em>δέ</em></span> <span class='ocrx_word' id='word_1_17' title='bbox 1067 759 1230 846; x_wconf 82' lang='grc' dir='ltr'><em>θυγάτηρ,</em></span> <span class='ocrx_word' id='word_1_18' title='bbox 1269 815 1272 820; x_wconf 93' lang='grc'><em>.</em></span> 
     </span>
     <span class='ocr_line' id='line_1_4' title="bbox 285 851 1232 941; baseline 0.002 -19"><span class='ocrx_word' id='word_1_19' title='bbox 285 857 339 922; x_wconf 77' lang='grc' dir='ltr'><em>καὶ</em></span> <span class='ocrx_word' id='word_1_20' title='bbox 351 852 393 921; x_wconf 88' lang='grc' dir='ltr'><em>ού</em></span> <span class='ocrx_word' id='word_1_21' title='bbox 402 854 508 940; x_wconf 87' lang='grc' dir='ltr'><em>μόνον</em></span> <span class='ocrx_word' id='word_1_22' title='bbox 520 856 609 938; x_wconf 81' lang='grc' dir='ltr'><em>γένει</em></span> <span class='ocrx_word' id='word_1_23' title='bbox 620 853 786 938; x_wconf 76' lang='grc' dir='ltr'><em>ἐγγυτάτω</em></span> <span class='ocrx_word' id='word_1_24' title='bbox 798 851 911 940; x_wconf 85' lang='grc' dir='ltr'><em>ὄντας,</em></span> <span class='ocrx_word' id='word_1_25' title='bbox 933 852 1016 922; x_wconf 82' lang='grc' dir='ltr'><em>άλλά</em></span> <span class='ocrx_word' id='word_1_26' title='bbox 1027 853 1063 922; x_wconf 81' lang='grc' dir='ltr'><em>τὰ</em></span> <span class='ocrx_word' id='word_1_27' title='bbox 1076 859 1232 941; x_wconf 82' lang='grc' dir='ltr'><em>παρ’άπαν</em></span> 
     </span>
     <span class='ocr_line' id='line_1_5' title="bbox 285 949 1232 1042; baseline 0.002 -22"><span class='ocrx_word' id='word_1_28' title='bbox 285 950 364 1020; x_wconf 78' lang='grc' dir='ltr'><em>οὐδὲ</em></span> <span class='ocrx_word' id='word_1_29' title='bbox 385 951 464 1020; x_wconf 83' lang='grc' dir='ltr'><em>ὄντα</em></span> <span class='ocrx_word' id='word_1_30' title='bbox 481 949 602 1019; x_wconf 82' lang='grc' dir='ltr'><em>οὐδένα</em></span> <span class='ocrx_word' id='word_1_31' title='bbox 619 949 812 1037; x_wconf 75' lang='grc' dir='ltr'><em>ἀνθρώπων</em></span> <span class='ocrx_word' id='word_1_32' title='bbox 829 954 866 1019; x_wconf 85' lang='grc' dir='ltr'><em>έν</em></span> <span class='ocrx_word' id='word_1_33' title='bbox 880 959 928 1040; x_wconf 77' lang='grc' dir='ltr'><em>τῷ</em></span> <span class='ocrx_word' id='word_1_34' title='bbox 945 961 1024 1042; x_wconf 78' lang='grc' dir='ltr'><em>οίκςο</em></span> <span class='ocrx_word' id='word_1_35' title='bbox 1041 960 1086 1041; x_wconf 77' lang='grc' dir='ltr'><em>τῷ</em></span> <span class='ocrx_word' id='word_1_36' title='bbox 1101 950 1232 1039; x_wconf 71' lang='grc' dir='ltr'><em>Ἁγνίου</em></span> 
     </span>
     <span class='ocr_line' id='line_1_6' title="bbox 285 1046 1235 1136; baseline 0.002 -19"><span class='ocrx_word' id='word_1_37' title='bbox 285 1050 388 1118; x_wconf 85' lang='grc' dir='ltr'><em>άλλον</em></span> <span class='ocrx_word' id='word_1_38' title='bbox 398 1046 420 1136; x_wconf 74' lang='grc' dir='ltr'><strong><em>ἢ</em></strong></span> <span class='ocrx_word' id='word_1_39' title='bbox 431 1047 491 1136; x_wconf 76' lang='grc' dir='ltr'><em>τὴν</em></span> <span class='ocrx_word' id='word_1_40' title='bbox 502 1053 624 1136; x_wconf 87' lang='grc' dir='ltr'><em>μητέρα</em></span> <span class='ocrx_word' id='word_1_41' title='bbox 634 1058 695 1117; x_wconf 84' lang='grc' dir='ltr'><em>τοῦ</em></span> <span class='ocrx_word' id='word_1_42' title='bbox 705 1047 822 1128; x_wconf 82' lang='grc' dir='ltr'><em>παιδὸς</em></span> <span class='ocrx_word' id='word_1_43' title='bbox 833 1051 966 1134; x_wconf 81' lang='grc' dir='ltr'><em>τουτουὶ</em></span> <span class='ocrx_word' id='word_1_44' title='bbox 976 1052 1031 1118; x_wconf 80' lang='grc' dir='ltr'><em>καὶ</em></span> <span class='ocrx_word' id='word_1_45' title='bbox 1041 1048 1145 1119; x_wconf 82' lang='grc' dir='ltr'><em>αύτδν</em></span> <span class='ocrx_word' id='word_1_46' title='bbox 1155 1061 1235 1120; x_wconf 84' lang='grc' dir='ltr'><em>τοῦ-</em></span> 
     </span>
     <span class='ocr_line' id='line_1_7' title="bbox 284 1143 1236 1236; baseline 0.002 -20"><span class='ocrx_word' id='word_1_47' title='bbox 284 1175 343 1217; x_wconf 92' lang='grc' dir='ltr'><em>τον</em></span> <span class='ocrx_word' id='word_1_48' title='bbox 353 1149 413 1218; x_wconf 82' lang='grc' dir='ltr'><em>τὸν</em></span> <span class='ocrx_word' id='word_1_49' title='bbox 423 1153 532 1234; x_wconf 81' lang='grc' dir='ltr'><em>παῖδα,</em></span> <span class='ocrx_word' id='word_1_50' title='bbox 543 1146 636 1216; x_wconf 79' lang='grc' dir='ltr'><em>ταῦτ’</em></span> <span class='ocrx_word' id='word_1_51' title='bbox 651 1146 710 1217; x_wconf 84' lang='grc' dir='ltr'><em>έάν</em></span> <span class='ocrx_word' id='word_1_52' title='bbox 720 1145 878 1234; x_wconf 73' lang='grc' dir='ltr'><em>ἐπιδείξω,</em></span> <span class='ocrx_word' id='word_1_53' title='bbox 891 1151 1005 1235; x_wconf 89' lang='grc' dir='ltr'><em>δέομαι</em></span> <span class='ocrx_word' id='word_1_54' title='bbox 1015 1146 1121 1236; x_wconf 79' lang='grc' dir='ltr'><em>δμων,</em></span> <span class='ocrx_word' id='word_1_55' title='bbox 1135 1143 1162 1217; x_wconf 70' lang='grc' dir='ltr'><em>οδ</em></span> <span class='ocrx_word' id='word_1_56' title='bbox 1174 1149 1236 1218; x_wconf 87' lang='grc' dir='ltr'><em>άν-</em></span> 
     </span>
     <span class='ocr_line' id='line_1_8' title="bbox 285 1245 831 1334; baseline 0 -20"><span class='ocrx_word' id='word_1_57' title='bbox 285 1245 783 1334; x_wconf 76' lang='grc' dir='ltr'><em>δρεςδικασταὶ,βοηθείνὴμῖν.</em></span> <span class='ocrx_word' id='word_1_58' title='bbox 829 1324 831 1328; x_wconf 39' lang='grc'><em>,</em></span> 
     </span>
    </p>

    <p class='ocr_par' dir='ltr' id='par_1_3' title="bbox 242 1341 1237 2218">
     <span class='ocr_line' id='line_1_9' title="bbox 242 1341 1236 1440; baseline 0.003 -26"><span class='ocrx_word' id='word_1_59' title='bbox 242 1369 276 1421; x_wconf 79' lang='grc'><em>18</em></span> <span class='ocrx_word' id='word_1_60' title='bbox 372 1344 417 1414; x_wconf 82' lang='grc' dir='ltr'><em>Τὸ</em></span> <span class='ocrx_word' id='word_1_61' title='bbox 437 1346 498 1432; x_wconf 77' lang='grc' dir='ltr'><em>μὲν</em></span> <span class='ocrx_word' id='word_1_62' title='bbox 515 1341 577 1414; x_wconf 82' lang='grc' dir='ltr'><em>οὖν</em></span> <span class='ocrx_word' id='word_1_63' title='bbox 595 1355 729 1432; x_wconf 74' lang='grc' dir='ltr'><em>πρῶτον</em></span> <span class='ocrx_word' id='word_1_64' title='bbox 746 1347 944 1440; x_wconf 59' lang='grc' dir='ltr'><em>διενοήθην,</em></span> <span class='ocrx_word' id='word_1_65' title='bbox 969 1342 995 1416; x_wconf 74' lang='grc' dir='ltr'><em>ὦ</em></span> <span class='ocrx_word' id='word_1_66' title='bbox 1012 1348 1130 1435; x_wconf 77' lang='grc' dir='ltr'><em>ἄνδρες</em></span> <span class='ocrx_word' id='word_1_67' title='bbox 1141 1353 1236 1417; x_wconf 82' lang='grc' dir='ltr'><em>δικα-</em></span> 
     </span>
     <span class='ocr_line' id='line_1_10' title="bbox 285 1443 1236 1532; baseline 0.004 -20"><span class='ocrx_word' id='word_1_68' title='bbox 285 1448 374 1530; x_wconf 82' lang='grc' dir='ltr'><em>σταὶ,</em></span> <span class='ocrx_word' id='word_1_69' title='bbox 396 1444 526 1530; x_wconf 76' lang='grc' dir='ltr'><em>γράψας</em></span> <span class='ocrx_word' id='word_1_70' title='bbox 543 1447 580 1512; x_wconf 85' lang='grc' dir='ltr'><em>έν</em></span> <span class='ocrx_word' id='word_1_71' title='bbox 597 1451 711 1512; x_wconf 91' lang='grc' dir='ltr'><em>πίνακι</em></span> <span class='ocrx_word' id='word_1_72' title='bbox 729 1443 877 1524; x_wconf 78' lang='grc' dir='ltr'><em>ἅπαντας</em></span> <span class='ocrx_word' id='word_1_73' title='bbox 887 1445 965 1524; x_wconf 89' lang='grc' dir='ltr'><em>τούς</em></span> <span class='ocrx_word' id='word_1_74' title='bbox 976 1463 1146 1532; x_wconf 78' lang='grc' dir='ltr'><em>συγγενεῖς</em></span> <span class='ocrx_word' id='word_1_75' title='bbox 1157 1446 1236 1528; x_wconf 85' lang='grc' dir='ltr'><em>τούς</em></span> 
     </span>
     <span class='ocr_line' id='line_1_11' title="bbox 281 1540 1236 1629; baseline 0.006 -21"><span class='ocrx_word' id='word_1_76' title='bbox 281 1540 424 1627; x_wconf 82' lang='grc' dir='ltr'><em>Ἁγνίου,</em></span> <span class='ocrx_word' id='word_1_77' title='bbox 437 1540 543 1620; x_wconf 81' lang='grc' dir='ltr'><em>οὕτως</em></span> <span class='ocrx_word' id='word_1_78' title='bbox 554 1542 775 1611; x_wconf 75' lang='grc' dir='ltr'><em>ἐπιδεικνύειν</em></span> <span class='ocrx_word' id='word_1_79' title='bbox 787 1543 868 1629; x_wconf 77' lang='grc' dir='ltr'><em>ύμῖν</em></span> <span class='ocrx_word' id='word_1_80' title='bbox 879 1544 959 1612; x_wconf 75' lang='grc' dir='ltr'><em>καθ’</em></span> <span class='ocrx_word' id='word_1_81' title='bbox 973 1547 1127 1614; x_wconf 78' lang='grc' dir='ltr'><em>ἕκαστον·</em></span> <span class='ocrx_word' id='word_1_82' title='bbox 1148 1550 1236 1614; x_wconf 79' lang='grc' dir='ltr'><em>ἐπει-</em></span> 
     </span>
     <span class='ocr_line' id='line_1_12' title="bbox 284 1638 1237 1728; baseline 0.002 -20"><span class='ocrx_word' id='word_1_83' title='bbox 284 1638 325 1727; x_wconf 77' lang='grc' dir='ltr'><em>δὴ</em></span> <span class='ocrx_word' id='word_1_84' title='bbox 339 1639 368 1707; x_wconf 88' lang='grc' dir='ltr'><em>δ’</em></span> <span class='ocrx_word' id='word_1_85' title='bbox 382 1641 490 1708; x_wconf 87' lang='grc' dir='ltr'><em>ἐδόκει</em></span> <span class='ocrx_word' id='word_1_86' title='bbox 502 1639 564 1708; x_wconf 87' lang='grc' dir='ltr'><em>οὐκ</em></span> <span class='ocrx_word' id='word_1_87' title='bbox 576 1639 659 1708; x_wconf 78' lang='grc' dir='ltr'><em>εἶναι</em></span> <span class='ocrx_word' id='word_1_88' title='bbox 668 1643 700 1720; x_wconf 80' lang='grc' dir='ltr'><em>ἐξ</em></span> <span class='ocrx_word' id='word_1_89' title='bbox 712 1640 947 1728; x_wconf 77' lang='grc' dir='ltr'><em>ίσουὴθεωρία</em></span> <span class='ocrx_word' id='word_1_90' title='bbox 956 1643 1057 1711; x_wconf 87' lang='grc' dir='ltr'><em>άπασι</em></span> <span class='ocrx_word' id='word_1_91' title='bbox 1065 1659 1133 1723; x_wconf 75' lang='grc' dir='ltr'><em>τοῖς</em></span> <span class='ocrx_word' id='word_1_92' title='bbox 1142 1649 1237 1712; x_wconf 86' lang='grc' dir='ltr'><em>δικα-</em></span> 
     </span>
     <span class='ocr_line' id='line_1_13' title="bbox 284 1737 1236 1827; baseline 0.002 -21"><span class='ocrx_word' id='word_1_93' title='bbox 284 1754 394 1824; x_wconf 80' lang='grc' dir='ltr'><em>σταῖς,</em></span> <span class='ocrx_word' id='word_1_94' title='bbox 413 1737 484 1806; x_wconf 80' lang='grc' dir='ltr'><em>ἀλλ’</em></span> <span class='ocrx_word' id='word_1_95' title='bbox 501 1742 532 1805; x_wconf 88' lang='grc' dir='ltr'><em>οί</em></span> <span class='ocrx_word' id='word_1_96' title='bbox 543 1739 658 1825; x_wconf 91' lang='grc' dir='ltr'><em>πόρρω</em></span> <span class='ocrx_word' id='word_1_97' title='bbox 669 1739 855 1826; x_wconf 78' lang='grc' dir='ltr'><em>καθήμενοι</em></span> <span class='ocrx_word' id='word_1_98' title='bbox 865 1738 1118 1827; x_wconf 76' lang='grc' dir='ltr'><em>ἀπολείπεσθαι,</em></span> <span class='ocrx_word' id='word_1_99' title='bbox 1130 1740 1236 1827; x_wconf 82' lang='grc' dir='ltr'><em>άναγ-</em></span> 
     </span>
     <span class='ocr_line' id='line_1_14' title="bbox 284 1837 1235 1928; baseline 0.005 -24"><span class='ocrx_word' id='word_1_100' title='bbox 284 1852 384 1904; x_wconf 88' lang='grc' dir='ltr'><em>καίον</em></span> <span class='ocrx_word' id='word_1_101' title='bbox 401 1846 479 1914; x_wconf 87' lang='grc' dir='ltr'><em>ίσως</em></span> <span class='ocrx_word' id='word_1_102' title='bbox 497 1839 564 1905; x_wconf 79' lang='grc' dir='ltr'><em>έστλ</em></span> <span class='ocrx_word' id='word_1_103' title='bbox 582 1846 630 1927; x_wconf 75' lang='grc' dir='ltr'><em>τῷ</em></span> <span class='ocrx_word' id='word_1_104' title='bbox 645 1838 735 1928; x_wconf 82' lang='grc' dir='ltr'><em>λόγω</em></span> <span class='ocrx_word' id='word_1_105' title='bbox 754 1837 923 1907; x_wconf 77' lang='grc' dir='ltr'><em>διδάσκειν</em></span> <span class='ocrx_word' id='word_1_106' title='bbox 939 1838 1039 1926; x_wconf 80' lang='grc' dir='ltr'><em>ὑμᾶς·</em></span> <span class='ocrx_word' id='word_1_107' title='bbox 1061 1849 1159 1908; x_wconf 82' lang='grc' dir='ltr'><em>τοῦτο</em></span> <span class='ocrx_word' id='word_1_108' title='bbox 1170 1840 1235 1926; x_wconf 81' lang='grc' dir='ltr'><em>γάρ</em></span> 
     </span>
     <span class='ocr_line' id='line_1_15' title="bbox 285 1934 1235 2026; baseline 0.004 -24"><span class='ocrx_word' id='word_1_109' title='bbox 285 1934 389 2002; x_wconf 84' lang='grc' dir='ltr'><em>άπασι</em></span> <span class='ocrx_word' id='word_1_110' title='bbox 403 1936 519 2003; x_wconf 84' lang='grc' dir='ltr'><em>κοινόν</em></span> <span class='ocrx_word' id='word_1_111' title='bbox 536 1939 633 2004; x_wconf 78' lang='grc' dir='ltr'><em>ἐστιν.</em></span> <span class='ocrx_word' id='word_1_112' title='bbox 660 1938 896 2024; x_wconf 60' lang='grc' dir='ltr'><em>7πειρασόμεθα</em></span> <span class='ocrx_word' id='word_1_113' title='bbox 913 1939 948 2007; x_wconf 77' lang='grc' dir='ltr'><em>δὲ</em></span> <span class='ocrx_word' id='word_1_114' title='bbox 965 1943 1020 2006; x_wconf 81' lang='grc' dir='ltr'><em>καί</em></span> <span class='ocrx_word' id='word_1_115' title='bbox 1035 1937 1128 2026; x_wconf 77' lang='grc' dir='ltr'><em>ἡμεῖς</em></span> <span class='ocrx_word' id='word_1_116' title='bbox 1137 1937 1181 2017; x_wconf 79' lang='grc' dir='ltr'><em>ὡς</em></span> <span class='ocrx_word' id='word_1_117' title='bbox 1192 1935 1235 2006; x_wconf 83' lang='grc' dir='ltr'><em>άν</em></span> 
     </span>
     <span class='ocr_line' id='line_1_16' title="bbox 285 2032 1234 2129; baseline 0.004 -29"><span class='ocrx_word' id='word_1_118' title='bbox 285 2032 426 2119; x_wconf 89' lang='grc' dir='ltr'><em>μάλιστα</em></span> <span class='ocrx_word' id='word_1_119' title='bbox 437 2033 618 2120; x_wconf 80' lang='grc' dir='ltr'><em>δυνάμεθα</em></span> <span class='ocrx_word' id='word_1_120' title='bbox 630 2033 683 2102; x_wconf 79' lang='grc' dir='ltr'><em>διὰ</em></span> <span class='ocrx_word' id='word_1_121' title='bbox 696 2037 912 2129; x_wconf 82' lang='grc' dir='ltr'><em>βραχυτάτων</em></span> <span class='ocrx_word' id='word_1_122' title='bbox 922 2040 1077 2118; x_wconf 77' lang='grc' dir='ltr'><em>ἐπιδείξαι</em></span> <span class='ocrx_word' id='word_1_123' title='bbox 1088 2040 1162 2124; x_wconf 81' lang='grc' dir='ltr'><em>περὶ</em></span> <span class='ocrx_word' id='word_1_124' title='bbox 1173 2044 1234 2106; x_wconf 85' lang='grc' dir='ltr'><em>τοῦ</em></span> 
     </span>
     <span class='ocr_line' id='line_1_17' title="bbox 285 2131 622 2218; baseline -0.003 -18"><span class='ocrx_word' id='word_1_125' title='bbox 285 2135 403 2218; x_wconf 81' lang='grc' dir='ltr'><em>γένους</em></span> <span class='ocrx_word' id='word_1_126' title='bbox 415 2141 475 2200; x_wconf 87' lang='grc' dir='ltr'><em>τοῦ</em></span> <span class='ocrx_word' id='word_1_127' title='bbox 482 2131 622 2217; x_wconf 79' lang='grc' dir='ltr'><em>Ἁγνίου.</em></span> 
     </span>
    </p>

    <p class='ocr_par' dir='ltr' id='par_1_4' title="bbox 243 2225 1315 3010">
     <span class='ocr_line' id='line_1_18' title="bbox 243 2225 1236 2322; baseline 0.002 -23"><span class='ocrx_word' id='word_1_128' title='bbox 243 2251 277 2306; x_wconf 85' lang='lat'><em>19</em></span> <span class='ocrx_word' id='word_1_129' title='bbox 370 2230 537 2308; x_wconf 80' lang='grc' dir='ltr'><em>Βούσελος</em></span> <span class='ocrx_word' id='word_1_130' title='bbox 546 2229 610 2316; x_wconf 83' lang='grc' dir='ltr'><em>γάρ</em></span> <span class='ocrx_word' id='word_1_131' title='bbox 622 2225 666 2318; x_wconf 81' lang='grc' dir='ltr'><em>ἦν</em></span> <span class='ocrx_word' id='word_1_132' title='bbox 676 2236 708 2313; x_wconf 85' lang='grc' dir='ltr'><em>έξ</em></span> <span class='ocrx_word' id='word_1_133' title='bbox 722 2242 823 2319; x_wconf 90' lang='grc' dir='ltr'><em>Οίου,</em></span> <span class='ocrx_word' id='word_1_134' title='bbox 836 2226 863 2300; x_wconf 77' lang='grc' dir='ltr'><em>τά</em></span> <span class='ocrx_word' id='word_1_135' title='bbox 873 2233 992 2320; x_wconf 76' lang='grc' dir='ltr'><em>ἄνδρες</em></span> <span class='ocrx_word' id='word_1_136' title='bbox 1004 2237 1169 2322; x_wconf 80' lang='grc' dir='ltr'><em>δικασταὶ,</em></span> <span class='ocrx_word' id='word_1_137' title='bbox 1181 2231 1236 2302; x_wconf 81' lang='grc' dir='ltr'><em>καὶ</em></span> 
     </span>
     <span class='ocr_line' id='line_1_19' title="bbox 286 2328 1237 2420; baseline 0.002 -24"><span class='ocrx_word' id='word_1_138' title='bbox 286 2328 394 2418; x_wconf 78' lang='grc' dir='ltr'><em>τούτῳ</em></span> <span class='ocrx_word' id='word_1_139' title='bbox 404 2331 556 2415; x_wconf 85' lang='grc' dir='ltr'><em>ἐγένοντο</em></span> <span class='ocrx_word' id='word_1_140' title='bbox 567 2333 663 2397; x_wconf 92' lang='grc' dir='ltr'><em>πέντε</em></span> <span class='ocrx_word' id='word_1_141' title='bbox 672 2329 1173 2420; x_wconf 78' lang='grc' dir='ltr'><em>υίεϊς,ἈγνίαςκαὶΕύβουλίδης</em></span> <span class='ocrx_word' id='word_1_142' title='bbox 1182 2334 1237 2399; x_wconf 82' lang='grc' dir='ltr'><em>καὶ</em></span> 
     </span>
     <span class='ocr_line' id='line_1_20' title="bbox 287 2423 1238 2514; baseline 0.001 -20"><span class='ocrx_word' id='word_1_143' title='bbox 287 2435 448 2513; x_wconf 86' lang='grc' dir='ltr'><em>Στρατίος</em></span> <span class='ocrx_word' id='word_1_144' title='bbox 458 2427 650 2514; x_wconf 71' lang='grc' dir='ltr'><em>καὶἍβρων</em></span> <span class='ocrx_word' id='word_1_145' title='bbox 659 2431 714 2496; x_wconf 81' lang='grc' dir='ltr'><em>καί</em></span> <span class='ocrx_word' id='word_1_146' title='bbox 726 2429 935 2514; x_wconf 88' lang='grc' dir='ltr'><em>Κλεόκριτος.</em></span> <span class='ocrx_word' id='word_1_147' title='bbox 958 2431 1013 2496; x_wconf 83' lang='grc' dir='ltr'><em>καὶ</em></span> <span class='ocrx_word' id='word_1_148' title='bbox 1025 2423 1119 2496; x_wconf 80' lang='grc' dir='ltr'><em>οὗτοι</em></span> <span class='ocrx_word' id='word_1_149' title='bbox 1130 2429 1238 2495; x_wconf 83' lang='grc' dir='ltr'><em>ἅπαν-</em></span> 
     </span>
     <span class='ocr_line' id='line_1_21' title="bbox 287 2525 1239 2612; baseline 0.002 -20"><span class='ocrx_word' id='word_1_150' title='bbox 287 2551 340 2604; x_wconf 88' lang='grc' dir='ltr'><em>τες</em></span> <span class='ocrx_word' id='word_1_151' title='bbox 356 2531 390 2593; x_wconf 87' lang='grc' dir='ltr'><em>οί</em></span> <span class='ocrx_word' id='word_1_152' title='bbox 398 2535 460 2594; x_wconf 80' lang='grc' dir='ltr'><em>τοῦ</em></span> <span class='ocrx_word' id='word_1_153' title='bbox 470 2529 641 2594; x_wconf 86' lang='grc' dir='ltr'><em>Βουσέλου</em></span> <span class='ocrx_word' id='word_1_154' title='bbox 651 2531 732 2604; x_wconf 85' lang='grc' dir='ltr'><em>υίείς</em></span> <span class='ocrx_word' id='word_1_155' title='bbox 743 2525 862 2611; x_wconf 84' lang='grc' dir='ltr'><em>άνδρες</em></span> <span class='ocrx_word' id='word_1_156' title='bbox 873 2529 1042 2612; x_wconf 78' lang='grc' dir='ltr'><em>ἐγένοντο,</em></span> <span class='ocrx_word' id='word_1_157' title='bbox 1054 2529 1239 2595; x_wconf 82' lang='grc' dir='ltr'><em>καλδιένει-</em></span> 
     </span>
     <span class='ocr_line' id='line_1_22' title="bbox 288 2621 1239 2711; baseline 0.002 -19"><span class='ocrx_word' id='word_1_158' title='bbox 288 2651 350 2711; x_wconf 88' lang='grc' dir='ltr'><em>μεν</em></span> <span class='ocrx_word' id='word_1_159' title='bbox 366 2622 478 2704; x_wconf 84' lang='grc' dir='ltr'><em>αύτοίς</em></span> <span class='ocrx_word' id='word_1_160' title='bbox 493 2622 557 2711; x_wconf 80' lang='grc' dir='ltr'><em>τὴν</em></span> <span class='ocrx_word' id='word_1_161' title='bbox 573 2621 691 2692; x_wconf 86' lang='grc' dir='ltr'><em>ούσίαν</em></span> <span class='ocrx_word' id='word_1_162' title='bbox 709 2623 846 2711; x_wconf 76' lang='grc' dir='ltr'><em>ὁπατηρ</em></span> <span class='ocrx_word' id='word_1_163' title='bbox 859 2623 876 2693; x_wconf 88' lang='grc' dir='ltr'>ὁ</span> <span class='ocrx_word' id='word_1_164' title='bbox 888 2626 1053 2707; x_wconf 83' lang='grc' dir='ltr'><em>Βούσελος</em></span> <span class='ocrx_word' id='word_1_165' title='bbox 1064 2626 1166 2700; x_wconf 77' lang='grc' dir='ltr'><em>ἅπασι</em></span> <span class='ocrx_word' id='word_1_166' title='bbox 1178 2653 1239 2694; x_wconf 91' lang='grc' dir='ltr'><em>κα-</em></span> 
     </span>
     <span class='ocr_line' id='line_1_23' title="bbox 288 2723 1239 2813; baseline 0.004 -23"><span class='ocrx_word' id='word_1_167' title='bbox 288 2731 355 2801; x_wconf 74' lang='grc' dir='ltr'><em>λοῖς</em></span> <span class='ocrx_word' id='word_1_168' title='bbox 365 2724 420 2791; x_wconf 82' lang='grc' dir='ltr'><em>καὶ</em></span> <span class='ocrx_word' id='word_1_169' title='bbox 431 2728 579 2807; x_wconf 86' lang='grc' dir='ltr'><em>δικαίως,</em></span> <span class='ocrx_word' id='word_1_170' title='bbox 598 2723 709 2808; x_wconf 68' lang='grc' dir='ltr'><em>οἵσπερ</em></span> <span class='ocrx_word' id='word_1_171' title='bbox 722 2732 897 2810; x_wconf 80' lang='grc' dir='ltr'><em>προσῆκεν.</em></span> <span class='ocrx_word' id='word_1_172' title='bbox 932 2726 1120 2813; x_wconf 83' lang='grc' dir='ltr'><em>νειμάμενοι</em></span> <span class='ocrx_word' id='word_1_173' title='bbox 1132 2730 1168 2793; x_wconf 77' lang='grc' dir='ltr'><em>δὲ</em></span> <span class='ocrx_word' id='word_1_174' title='bbox 1178 2723 1239 2812; x_wconf 74' lang='grc' dir='ltr'><em>τὴν</em></span> 
     </span>
     <span class='ocr_line' id='line_1_24' title="bbox 288 2819 1315 2912; baseline 0.008 -24"><span class='ocrx_word' id='word_1_175' title='bbox 288 2819 424 2908; x_wconf 83' lang='grc' dir='ltr'><em>οὐσίαν,</em></span> <span class='ocrx_word' id='word_1_176' title='bbox 445 2838 587 2907; x_wconf 76' lang='grc' dir='ltr'><em>γυναῖκα</em></span> <span class='ocrx_word' id='word_1_177' title='bbox 605 2819 717 2891; x_wconf 70' lang='grc' dir='ltr'><em>αύτοίν</em></span> <span class='ocrx_word' id='word_1_178' title='bbox 734 2826 869 2902; x_wconf 82' lang='grc' dir='ltr'><em>ἕκαστος</em></span> <span class='ocrx_word' id='word_1_179' title='bbox 886 2829 985 2912; x_wconf 85' lang='grc' dir='ltr'><em>ἔγημε</em></span> <span class='ocrx_word' id='word_1_180' title='bbox 996 2825 1079 2895; x_wconf 79' lang='grc' dir='ltr'><em>κατὰ</em></span> <span class='ocrx_word' id='word_1_181' title='bbox 1089 2825 1168 2903; x_wconf 80' lang='grc' dir='ltr'><em>τούς</em></span> <span class='ocrx_word' id='word_1_182' title='bbox 1178 2823 1239 2891; x_wconf 92' lang='grc' dir='ltr'><em>νό-</em></span> <span class='ocrx_word' id='word_1_183' title='bbox 1249 2841 1315 2896; x_wconf 73' lang='lat'>1056</span> 
     </span>
     <span class='ocr_line' id='line_1_25' title="bbox 288 2919 1240 3010; baseline 0 -22"><span class='ocrx_word' id='word_1_184' title='bbox 288 2933 373 3008; x_wconf 84' lang='grc' dir='ltr'><em>μους</em></span> <span class='ocrx_word' id='word_1_185' title='bbox 382 2921 461 3000; x_wconf 82' lang='grc' dir='ltr'><em>τούς</em></span> <span class='ocrx_word' id='word_1_186' title='bbox 470 2919 658 3009; x_wconf 85' lang='grc' dir='ltr'><em>ὑμετέρους,</em></span> <span class='ocrx_word' id='word_1_187' title='bbox 670 2927 725 2990; x_wconf 80' lang='grc' dir='ltr'><em>καὶ</em></span> <span class='ocrx_word' id='word_1_188' title='bbox 734 2928 847 3002; x_wconf 76' lang='grc' dir='ltr'><em>παῖδες</em></span> <span class='ocrx_word' id='word_1_189' title='bbox 856 2927 1007 3010; x_wconf 78' lang='grc' dir='ltr'><em>ἐγένοντο</em></span> <span class='ocrx_word' id='word_1_190' title='bbox 1016 2923 1129 3003; x_wconf 77' lang='grc' dir='ltr'><em>αὐτοῖς</em></span> <span class='ocrx_word' id='word_1_191' title='bbox 1137 2922 1240 2991; x_wconf 87' lang='grc' dir='ltr'><em>άπασι</em></span> 
     </span>
    </p>

    <p class='ocr_par' dir='ltr' id='par_1_5' title="bbox 262 3022 1241 3208">
     <span class='ocr_line' id='line_1_26' title="bbox 262 3022 1241 3107; baseline 0 -19"><span class='ocrx_word' id='word_1_192' title='bbox 262 3091 265 3105; x_wconf 28' lang='lat' dir='ltr'>y</span> <span class='ocrx_word' id='word_1_193' title='bbox 289 3023 344 3089; x_wconf 79' lang='grc' dir='ltr'><em>καί</em></span> <span class='ocrx_word' id='word_1_194' title='bbox 365 3025 493 3088; x_wconf 83' lang='grc' dir='ltr'><em>παίδων</em></span> <span class='ocrx_word' id='word_1_195' title='bbox 515 3025 645 3107; x_wconf 80' lang='grc' dir='ltr'><em>παῖδες,</em></span> <span class='ocrx_word' id='word_1_196' title='bbox 669 3023 724 3090; x_wconf 83' lang='grc' dir='ltr'><em>καλ</em></span> <span class='ocrx_word' id='word_1_197' title='bbox 743 3025 894 3107; x_wconf 86' lang='grc' dir='ltr'><em>έγένοντο</em></span> <span class='ocrx_word' id='word_1_198' title='bbox 913 3027 1009 3092; x_wconf 85' lang='grc' dir='ltr'><em>πέντε</em></span> <span class='ocrx_word' id='word_1_199' title='bbox 1026 3022 1110 3090; x_wconf 80' lang='grc' dir='ltr'><em>οἶκοι</em></span> <span class='ocrx_word' id='word_1_200' title='bbox 1127 3026 1163 3089; x_wconf 81' lang='grc' dir='ltr'><em>ἐκ</em></span> <span class='ocrx_word' id='word_1_201' title='bbox 1178 3030 1241 3089; x_wconf 78' lang='grc' dir='ltr'><em>τοῦ</em></span> 
     </span>
     <span class='ocr_line' id='line_1_27' title="bbox 250 3119 1240 3241; baseline 0 -51"><span class='ocrx_word' id='word_1_202' title='bbox 250 3124 459 3241; x_wconf 85' lang='grc' dir='ltr'><em>Βμυσέλον</em></span> <span class='ocrx_word' id='word_1_203' title='bbox 480 3123 615 3189; x_wconf 86' lang='grc' dir='ltr'><em>οίκου</em></span> <span class='ocrx_word' id='word_1_204' title='bbox 599 3119 672 3200; x_wconf 85' lang='grc' dir='ltr'><em>ενὸς</em></span> <span class='ocrx_word' id='word_1_205' title='bbox 693 3121 804 3207; x_wconf 79' lang='grc' dir='ltr'><em>ὄντος,</em></span> <span class='ocrx_word' id='word_1_206' title='bbox 829 3125 884 3190; x_wconf 78' lang='grc' dir='ltr'><em>καὶ</em></span> <span class='ocrx_word' id='word_1_207' title='bbox 898 3125 996 3208; x_wconf 83' lang='grc' dir='ltr'><em>χωρὶς</em></span> <span class='ocrx_word' id='word_1_208' title='bbox 1012 3123 1173 3210; x_wconf 79' lang='grc' dir='ltr'><em>ἕκαστος</em></span> <span class='ocrx_word' id='word_1_209' title='bbox 1162 3121 1240 3190; x_wconf 75' lang='grc' dir='ltr'><em>ὤκει</em></span> 
     </span>
    </p>

    <p class='ocr_par' dir='ltr' id='par_1_6' title="bbox 245 3219 1252 3802">
     <span class='ocr_line' id='line_1_28' title="bbox 245 3219 1240 3306; baseline 0 -17"><span class='ocrx_word' id='word_1_210' title='bbox 245 3217 348 3290; x_wconf 69' lang='grc' dir='ltr'><em>κθτὸν</em></span> <span class='ocrx_word' id='word_1_211' title='bbox 360 3221 932 3306; x_wconf 76' lang='grc' dir='ltr'><em>ἕαυτοῦέχωνκαίέκγόυουςεαυτοῦ</em></span> <span class='ocrx_word' id='word_1_212' title='bbox 940 3219 1145 3306; x_wconf 87' lang='grc' dir='ltr'><em>ποιούμενος.</em></span> <span class='ocrx_word' id='word_1_213' title='bbox 1166 3223 1240 3306; x_wconf 81' lang='grc' dir='ltr'><em>περὶ</em></span> 
     </span>
     <span class='ocr_line' id='line_1_29' title="bbox 290 3311 1252 3440; baseline 0.001 -54"><span class='ocrx_word' id='word_1_214' title='bbox 290 3311 409 3404; x_wconf 75' lang='grc' dir='ltr'><em>μέν</em></span> <span class='ocrx_word' id='word_1_215' title='bbox 367 3344 431 3386; x_wconf 92' lang='grc' dir='ltr'><em>ουν</em></span> <span class='ocrx_word' id='word_1_216' title='bbox 441 3345 509 3385; x_wconf 90' lang='grc' dir='ltr'><em>των</em></span> <span class='ocrx_word' id='word_1_217' title='bbox 519 3327 621 3405; x_wconf 81' lang='grc' dir='ltr'><em>τριῶν</em></span> <span class='ocrx_word' id='word_1_218' title='bbox 631 3316 788 3440; x_wconf 70' lang='grc' dir='ltr'><em>άδελφρόν</em></span> <span class='ocrx_word' id='word_1_219' title='bbox 798 3328 866 3388; x_wconf 82' lang='grc' dir='ltr'><em>ταῖν</em></span> <span class='ocrx_word' id='word_1_220' title='bbox 876 3346 937 3387; x_wconf 90' lang='grc' dir='ltr'><em>του</em></span> <span class='ocrx_word' id='word_1_221' title='bbox 922 3321 1118 3389; x_wconf 86' lang='grc' dir='ltr'><em>Βουσέλου</em></span> <span class='ocrx_word' id='word_1_222' title='bbox 1127 3323 1252 3405; x_wconf 86' lang='grc' dir='ltr'><em>υίέων,Ι</em></span> 
     </span>
     <span class='ocr_line' id='line_1_30' title="bbox 290 3416 1240 3504; baseline 0.001 -20"><span class='ocrx_word' id='word_1_223' title='bbox 290 3419 346 3484; x_wconf 80' lang='grc' dir='ltr'><em>καί</em></span> <span class='ocrx_word' id='word_1_224' title='bbox 361 3424 430 3484; x_wconf 73' lang='grc' dir='ltr'><em>τοῖν</em></span> <span class='ocrx_word' id='word_1_225' title='bbox 448 3417 596 3502; x_wconf 85' lang='grc' dir='ltr'><em>έκγονων</em></span> <span class='ocrx_word' id='word_1_226' title='bbox 613 3425 683 3486; x_wconf 81' lang='grc' dir='ltr'><em>των</em></span> <span class='ocrx_word' id='word_1_227' title='bbox 698 3418 826 3498; x_wconf 89' lang='grc' dir='ltr'><em>τούτοις</em></span> <span class='ocrx_word' id='word_1_228' title='bbox 843 3421 1049 3504; x_wconf 85' lang='grc' dir='ltr'><em>γενομένων,</em></span> <span class='ocrx_word' id='word_1_229' title='bbox 1060 3416 1140 3487; x_wconf 76' lang='grc' dir='ltr'><em>’τί”</em></span> <span class='ocrx_word' id='word_1_230' title='bbox 1118 3447 1161 3487; x_wconf 91' lang='grc' dir='ltr'><em>αν</em></span> <span class='ocrx_word' id='word_1_231' title='bbox 1175 3418 1240 3504; x_wconf 86' lang='grc' dir='ltr'><em>έγω</em></span> 
     </span>
     <span class='ocr_line' id='line_1_31' title="bbox 290 3507 1241 3638; baseline -0.001 -56"><span class='ocrx_word' id='word_1_232' title='bbox 290 3512 385 3601; x_wconf 84' lang='grc' dir='ltr'><em>ὑμίν,</em></span> <span class='ocrx_word' id='word_1_233' title='bbox 398 3543 425 3583; x_wconf 90' lang='grc' dir='ltr'><em>ω</em></span> <span class='ocrx_word' id='word_1_234' title='bbox 413 3507 555 3600; x_wconf 77' lang='grc' dir='ltr'><em>ἄνδρες</em></span> <span class='ocrx_word' id='word_1_235' title='bbox 566 3519 713 3584; x_wconf 80' lang='grc' dir='ltr'><em>δικασταί</em></span> <span class='ocrx_word' id='word_1_236' title='bbox 715 3516 911 3604; x_wconf 89' lang='grc' dir='ltr'><em>,πράγματα</em></span> <span class='ocrx_word' id='word_1_237' title='bbox 924 3514 1125 3638; x_wconf 80' lang='grc' dir='ltr'><em>παρέχμιμιῆ</em></span> <span class='ocrx_word' id='word_1_238' title='bbox 1138 3521 1241 3603; x_wconf 85' lang='grc' dir='ltr'><em>έμαυ-</em></span> 
     </span>
     <span class='ocr_line' id='line_1_32' title="bbox 291 3611 1242 3704; baseline -0.002 -23"><span class='ocrx_word' id='word_1_239' title='bbox 291 3622 394 3704; x_wconf 76' lang='grc' dir='ltr'><em>τῷ,ε</em></span> <span class='ocrx_word' id='word_1_240' title='bbox 378 3615 597 3702; x_wconf 81' lang='grc' dir='ltr'><em>ἐξηγούμενος</em></span> <span class='ocrx_word' id='word_1_241' title='bbox 613 3617 720 3701; x_wconf 67' lang='grc' dir='ltr'><em>περλ’</em></span> <span class='ocrx_word' id='word_1_242' title='bbox 704 3614 863 3692; x_wconf 83' lang='grc' dir='ltr'><em>εκάστου;</em></span> <span class='ocrx_word' id='word_1_243' title='bbox 886 3612 977 3692; x_wconf 83' lang='grc' dir='ltr'><em>ὅντες</em></span> <span class='ocrx_word' id='word_1_244' title='bbox 990 3614 1054 3700; x_wconf 86' lang='grc' dir='ltr'><em>γάρ</em></span> <span class='ocrx_word' id='word_1_245' title='bbox 1074 3618 1110 3682; x_wconf 85' lang='grc' dir='ltr'><em>έν</em></span> <span class='ocrx_word' id='word_1_246' title='bbox 1130 3611 1242 3699; x_wconf 78' lang='grc' dir='ltr'><em>ταύτῷ</em></span> 
     </span>
     <span class='ocr_line' id='line_1_33' title="bbox 291 3702 1243 3846; baseline -0.004 -66"><span class='ocrx_word' id='word_1_247' title='bbox 291 3717 379 3798; x_wconf 85' lang='grc' dir='ltr'><em>γένει</em></span> <span class='ocrx_word' id='word_1_248' title='bbox 385 3714 571 3806; x_wconf 82' lang='grc' dir='ltr'><em>Θεοπομπω</em></span> <span class='ocrx_word' id='word_1_249' title='bbox 581 3716 635 3783; x_wconf 81' lang='grc' dir='ltr'><em>καὶ</em></span> <span class='ocrx_word' id='word_1_250' title='bbox 645 3708 869 3825; x_wconf 84' lang='grc' dir='ltr'><em>προσηκοντες</em></span> <span class='ocrx_word' id='word_1_251' title='bbox 879 3709 1040 3846; x_wconf 86' lang='grc' dir='ltr'><em>ὁμοίως</em></span> <span class='ocrx_word' id='word_1_252' title='bbox 1008 3739 1054 3779; x_wconf 89' lang='grc' dir='ltr'><em>τω</em></span> <span class='ocrx_word' id='word_1_253' title='bbox 1041 3710 1186 3799; x_wconf 74' lang='grc' dir='ltr'><em>Ἀγνία,</em></span> <span class='ocrx_word' id='word_1_254' title='bbox 1199 3702 1243 3777; x_wconf 83' lang='grc' dir='ltr'><em>ού</em></span> 
     </span>
    </p>
   </div>
   <div class='ocr_carea' id='block_1_3' title="bbox 0 0 1594 4409">
    <p class='ocr_par' dir='ltr' id='par_1_7' title="bbox 0 0 1594 4409">
     <span class='ocr_line' id='line_1_34' title="bbox 0 0 1594 4409; baseline 0 0"><span class='ocrx_word' id='word_1_255' title='bbox 0 0 1594 4409; x_wconf 95' lang='lat' dir='ltr'><em> </em></span> 
     </span>
    </p>
   </div>
  </div>
 </body>
</html>
