3159 4409
480 497 622 557 ΠΡΟΣ
644 495 1025 558 ΜΑΚΑΡΤΑΤΟΝ.
1184 494 1227 561 27

276 654 422 741 ἀδελφής
433 663 490 741 τῆς
500 660 713 742 Πολέμωνος,
725 659 780 723 καὶ
792 655 979 740 Φιλάγρου,
992 648 1152 745 χάἔδωκεν
1162 654 1227 724 αῦ-

274 752 367 841 τήνδ
378 753 688 840 ἀδελφδςΠολέμων
699 751 826 843 ἀνεψιῷ
837 752 909 820 ὄντι
920 755 1040 821 ἑαυτοῦ
1050 752 1155 842 (ὁγὰρ
1163 762 1225 823 Φί-

276 863 397 940 λαγρος
406 852 479 931 υίδς
490 845 536 938 ήν
545 849 757 939 Εὐβουλίδου
767 861 829 920 τοῦ
837 849 989 936 ἀδελφοῦ
999 861 1059 920 τοῦ
1067 851 1223 940 Ἁγνίου),

274 961 337 1019 τοῦ
355 950 394 1037 δή
407 952 577 1036 Φιλάγρου
594 959 655 1018 τοῦ
671 949 813 1031 ἀνεψιοῦ
823 958 884 1022 τοῦ
894 956 1092 1036 Πολέμωνος
1102 955 1224 1036 καλτής

276 1049 475 1135 Φυλομάχης
492 1058 549 1135 τῆς
565 1047 712 1137 ἀδελφῆς
727 1057 785 1135 τῆς
796 1051 996 1135 Πολέμωνος
1013 1052 1140 1134 ἐγένετο
1152 1047 1224 1128 υίὸς

273 1147 491 1235 Εὐβουλίδης,
505 1146 522 1216 5
536 1146 643 1234 πατὴρ
655 1145 673 1215 5
685 1155 743 1233 τῆς
754 1146 946 1234 μητρὸς-τοῦ
954 1147 1072 1226 παιδὸς
1080 1154 1221 1214 τουτουί.

275 1252 329 1316 καλ
344 1239 437 1315 οὗτοι
455 1248 516 1333 μὲν
532 1251 614 1326 υίείς
630 1237 784 1332 ἐγένοντο
794 1248 968 1332 Πολέμωνι
978 1249 1084 1332 καλτή
1096 1244 1226 1332 ἀδελφή

275 1353 317 1432 τῇ
327 1349 525 1429 Πολέμωνος
537 1345 724 1432 Φυλομάχῃ.
753 1353 825 1412 τοῦ·
833 1349 869 1412 δὲ
879 1345 1073 1430 Χαριδήμου
1084 1346 1222 1428 ἐγένετο,

274 1454 336 1512 τοῦ
352 1447 440 1522 υίέος
456 1451 517 1511 τοῦ
527 1451 710 1529 Στρατίου,
735 1443 930 1529 Θεόπομπος
942 1441 960 1510 5
973 1446 1106 1510 τουτουὶ
1118 1443 1224 1528 πατήρ

233 1542 511 1626 λόΜακαρτάτου.
543 1542 644 1608 πάλιν
668 1540 707 1626 δή
730 1545 860 1627 ἐρωτῶ,
883 1534 910 1607 ἀ
931 1540 1049 1627 ἀνδρες
1066 1543 1223 1624 δικασταὶ,

273 1640 413 1725 πότερος
433 1637 629 1724 οἰκειότερός
646 1641 784 1705 ἐστικαὶ
801 1638 961 1724 προσήκει
973 1646 1099 1724 μᾶλλον
1109 1635 1223 1726 Ἀγνίᾳ

271 1746 320 1826 τῷ
332 1736 452 1824 πρώτῳ
464 1738 594 1824 ἐκείνω,
613 1733 630 1804 ὁ
641 1739 839 1822 Πολέμωνος
850 1734 922 1814 υίδς
928 1735 1070 1822 Ἀγνάις,
1086 1738 1142 1805 καί
1154 1734 1224 1805 Εῦ-

272 1831 459 1922 βουλίδηςὸ
472 1835 668 1920 Φυλομάχης
678 1832 751 1914 υίὸς
762 1838 816 1902 καὶ
828 1836 1014 1922 Φιλάγρου,
1036 1831 1057 1922 ἢ
1070 1837 1223 1922 Θεόπομ-

272 1957 335 2012 πος
353 1930 578 2020 ὁΧαριδήμου
596 1931 683 2018 υίὸς,
706 1942 872 2018 Στρατίου
883 1934 918 2002 δὲ
931 1932 1061 2014 ῦίδοῦςς
1086 1934 1149 2019 ἐγώ
1160 1934 1222 2020 μέν

266 2029 338 2118 Ιγάρ
350 2029 455 2116 οἶμαι,
474 2024 501 2097 ἀ
512 2030 631 2114 ἀνδρες
642 2035 807 2119 δικασταί,
819 2043 911 2120 εἴπερ
922 2038 977 2100 καὶ
987 2030 1005 2101 5
1017 2031 1222 2112 υίὸςοίκειό·

272 2129 370 2207 τατάς
386 2131 454 2195 έστι
468 2131 522 2196 καὶ
532 2127 552 2215 ή
564 2131 735 2217 θυγάτηρ,
755 2132 855 2200 πάλιν
867 2130 885 2200 5
896 2130 1012 2211 ῦίδοῦς
1022 2130 1104 2200 καὶὸ
1117 2136 1153 2201 έκ
1163 2139 1222 2217 τῆς

272 2224 442 2312 θυγατρὸς
458 2224 548 2309 υίὸς,
571 2220 664 2295 οὗτοι
682 2231 876 2316 οἰκειότεροί
889 2236 951 2305 εἰσι
961 2238 1088 2314 μᾶλλον
1098 2225 1120 2314 ἢ
1130 2226 1148 2296 5
1159 2236 1220 2297 τοῦ
1230 2238 1298 2293 1058

231 2333 264 2387 26
272 2323 453 2412 ἀδελφιδοῦ
472 2324 545 2404 υίὸς
561 2329 616 2395 καὶ
633 2324 695 2407 ὁέξ
707 2330 821 2413 ἑτέρου
833 2324 882 2394 τάν
892 2338 996 2395 ολκου.
1028 2335 1075 2415 τῷ
1087 2328 1147 2412 μὲν
1159 2320 1222 2394 οῦν

272 2426 457 2512 Θεοπόμπῳ
482 2427 610 2508 ἐγένετο
632 2425 704 2503 υίὸς
726 2427 948 2508 Μακάρτατος
969 2423 1097 2507 οὑτοσὶ,
1119 2432 1164 2512 τῷ
1187 2424 1222 2490 δὲ

270 2523 463 2610 Εὐβουλίδη
474 2531 521 2610 τῷ
531 2530 589 2608 τῆς
601 2524 800 2609 Φυλομάχης
812 2527 891 2604 υίεί,
911 2520 1037 2610 ἀνεψιῷ
1049 2519 1081 2588 δ’
1090 2519 1222 2606 Ἁγνίου

269 2621 343 2690 ἀντι
364 2621 446 2704 πρὸς
467 2619 606 2708 πατρὸς,
630 2618 782 2689 οῦτοσλό
805 2634 895 2703 παῖς,
921 2617 1062 2698 ἀνεψιοῦ
1082 2633 1156 2698 παῖς
1173 2613 1222 2686 ἀν
1275 2643 1279 2660 ·

264 2718 379 2809 Ἀγνίηι
391 2721 474 2806 πρδς
484 2719 617 2804 πατρὸς,
630 2718 740 2805 ἐπειδή
751 2717 772 2806 ή
785 2716 964 2804 Φυλομάχη
975 2714 996 2804 ή
1007 2715 1113 2804 μήτηρ
1124 2714 1221 2803 ἡΕῦ-

269 2822 429 2905 βουλίδου
451 2820 506 2886 καὶ
527 2815 545 2886 5
563 2821 724 2904 Πολέμων
741 2815 759 2885 5
779 2815 887 2904 πατήρ
904 2815 1068 2903 ὁἈγνίου
1082 2814 1221 2899 ἀδελφοί

268 2911 355 3002 ήσαν
366 2916 559 3004 ὁμοπάτριοι
570 2921 623 2984 καὶ
635 2915 839 3003 ὁμομήτριοι.
858 2925 907 3005 τῷ
917 2919 956 2986 δέ
963 2944 1000 3002 γε
1007 2912 1220 3000 Μακαρτάτῳ

268 3019 366 3106 τωδὶ,
387 3025 434 3106 τῷ
450 3021 572 3103 υίεῖτηῦ
585 3016 804 3100 Θεοπόμπου,
827 3013 928 3088 οὐδὲν
939 3018 1067 3101 ἐγένετο
1078 3019 1219 3097 ἔκγονον

228 3113 289 3183 275'
299 3144 331 3183 τι
342 3117 430 3182 ἐστὶν
441 3119 478 3182 ἐν
488 3123 535 3202 τῷ
548 3124 629 3202 οίκω
641 3122 687 3203 τῷ
698 3114 820 3182 τοῦτον
830 3116 938 3201 καὶτῷ
944 3117 1120 3195 Στρατίου.
1138 3109 1219 3178 τοῦ·

267 3239 336 3281 των
348 3211 380 3280 δ’
395 3211 501 3291 οὕτως
512 3212 654 3298 ἐχόντων
663 3221 709 3302 τῷ
721 3213 782 3298 μέν
791 3215 883 3303 παιδὶ
895 3213 1001 3299 τούτῳ
1013 3211 1101 3279 ἐστὶν
1111 3208 1218 3296 ὄνομα

266 3318 337 3377 των
352 3314 389 3376 έν
405 3318 453 3398 τῷ
470 3311 561 3400 νόμῳ
574 3314 770 3395 εἰρημένων,
795 3314 953 3397 καὶμέχρι
964 3301 1039 3376 ἀνδ
1052 3308 1151 3395 νόμος
1161 3335 1219 3378 ιτε-

267 3409 360 3476 λεῦει
377 3407 439 3494 τήν
455 3405 642 3492 ἀγχιστείαν
653 3407 752 3477 εἶναι·
775 3407 917 3488 ἀνεψιοῦ
927 3404 1131 3494 γάρἈγνίου
1141 3422 1217 3484 παῖς

267 3511 372 3574 ἐστιν·
406 3505 425 3575 5
447 3504 511 3593 γάρ
533 3505 640 3592 πατήρ
663 3505 768 3575 αὐτοῦ
789 3505 998 3592 Εὐβουλίδης
1017 3502 1153 3586 ἀνεψιὸς
1172 3497 1216 3588 ήν

261 3602 385 3694 Ἀγνίμ,
399 3597 441 3671 οῦ
452 3608 540 3672 ἐστιν
552 3602 569 3673 5
581 3613 710 3690 κλῆρος.
731 3603 748 3673 ὁ
761 3609 799 3671 δέ
808 3631 845 3688 γε
851 3603 1043 3691 Θεόπομπος
1055 3602 1072 3672 5
1083 3602 1216 3671 τουτουί

266 3702 374 3789 πατήρ
388 3704 614 3788 Μακαρτάτου
631 3703 693 3771 οῦκ
710 3699 755 3770 ἀν
769 3700 855 3788 εἶχεν
864 3703 970 3790 ὄνομα
977 3707 1102 3772 θέσθαι
1111 3700 1215 3786 ἑαυτῷ
