3159 4409
537 475 678 538 ιιΡοΣ
705 473 1004 567 ιΕαΧΑΡιια.
1079 541 1081 545 ,
1206 474 1249 538 οε

296 634 1248 724 διαφοραῖςποῖίύκιςφιλονεικοῦντεςποιητοῦςυίεῖςποι-

296 744 428 805 οῦνται·
439 734 503 803 εἰδ
511 739 600 801 ἔσται
609 740 654 825 τῷ
664 736 886 818 εἰσποιηθέντι
895 731 985 818 παρὰ
995 734 1055 801 τόν
1063 735 1169 821 νόμον
1178 742 1208 805 εἰ
1226 776 1247 789 -

296 849 404 902 ποιεῖν
415 832 455 902 ὃν
468 830 511 901 ῦν
521 833 700 920 βούληται,
715 829 873 900 ούδέιιοτε
884 847 952 910 τοῖς
967 836 1098 916 γένεσιν
1115 838 1151 900 αἰ
1166 845 1246 920 κλη-

252 943 449 1019 64ρονομίαι
467 933 678 1018 δοθήσονται.
712 929 734 998 δι’
751 934 807 998 καί
823 936 1023 1019 προνοηθεὶς
1034 929 1051 1000 ὁ
1064 936 1247 1019 νομοθέτης

297 1030 413 1098 ἀπεῖπε
430 1038 477 1120 τῷ
494 1037 619 1119 ποιητῷ
636 1026 727 1121 αύτῷ
745 1029 818 1098 ὄντι
833 1029 972 1117 ποιητὸν
987 1029 1065 1099 υἰὸν
1080 1031 1125 1118 μη
1144 1047 1248 1100 ποιεῖ-

295 1120 395 1214 σθαι,
417 1134 491 1195 τίνα
508 1127 634 1213 τρόπον
652 1132 799 1213 διορίσας
816 1132 890 1215 περὶ
907 1129 1051 1209 τούτων;
1073 1128 1156 1198 ὅταν
1173 1141 1249 1217 εἰπη

296 1222 373 1293 υἱόν
389 1224 529 1312 γνήσιον
538 1231 816 1312 ἐγκαταλείποντα
827 1231 1011 1314 ἐπανιέναι,
1035 1234 1132 1315 δηίοῖ
1138 1230 1249 1316 δήπου

296 1332 450 1410 φανερῶς
472 1322 524 1392 ὅτι
544 1324 586 1393 οῦ
611 1331 663 1394 δεῖ
681 1335 864 1394 ποιεῖσθαι·
887 1325 1055 1394 α’δύνατον
1075 1328 1141 1414 γάρ
1159 1331 1250 1395 ἐστιν

275 1421 372 1491 .υἰό’ν
391 1424 532 1511 γνήσιον
553 1427 798 1510 ἐγκαταλιπεῖν,
821 1423 880 1491 ἐὰν
898 1424 941 1510 μη
959 1423 1047 1512 γόνῳ
1065 1416 1249 1513 γεγονωςῇ

293 1527 369 1589 τινί.
400 1521 443 1587 σῦ
460 1528 592 1608 τοίνυν,
615 1516 865 1606 ύΛεωστρατε,
887 1519 988 1599 ἀξιοῖς
1004 1529 1051 1606 τῷ
1061 1529 1249 1609 τετελευτη-

293 1621 369 1688 κότι
385 1625 560 1710 εἰσποιητῷ
578 1627 624 1698 εἰς
640 1617 677 1688 τό
689 1617 849 1706 ἡμέτερον
858 1623 956 1705 γένος
966 1619 1038 1687 όντι
1048 1621 1186 1707 ποιητὸν
1195 1625 1248 1690 έπί

292 1716 355 1786 τόν
366 1725 491 1802 κλῆρον
503 1723 707 1803 εἰσαγαγεῖν,
729 1717 842 1804 ὥσπερ
850 1720 901 1787 έπί
911 1715 950 1786 τύ
963 1727 1089 1787 σαυτοῦ
1099 1721 1248 1808 κτήματα

292 1819 352 1903 καὶ
371 1814 434 1884 οῦκ
445 1823 490 1895 εἰς
499 1817 539 1883 τοὶ
551 1819 634 1884 κατα
645 1817 751 1903 νόμον
761 1826 809 1905 τῷ
821 1817 1022 1904 προσήκοντι
1034 1819 1247 1906 δοθησόμενα

250 1919 447 2004 οῡβαδίζων.
479 1911 571 2003 ἡμεῖς
588 1913 631 2001 δ’,
663 1908 821 2000 ύύνδρες
833 1918 996 2000 δικασταὶ,
1018 1922 1049 1985 εἰ
1057 1914 1264 2002 μὲνὸτετε-’

295 2012 460 2100 λευτηκοός
471 2014 648 2101 ἐποιήσατό
658 2041 747 2100 τινα,
767 2022 885 2101 καίπερ
899 2014 941 2083 οῦ
953 2016 1103 2096 διδόντος
1114 2024 1174 2085 τοῦ
1187 2017 1249 2085 νό-
1345 2031 1350 2042 ’

295 2140 378 2200 μου,
401 2123 655 2200 συνεχωροῦμεν
671 2109 715 2180 όῖν
732 2111 838 2205 αὐτῷ,
862 2110 926 2200 ἢεί
936 2113 1099 2199 διαθήκας
1114 2123 1249 2183 κατελε-

296 2219 417 2298 λοίπει,
435 2217 490 2280 καίΙ
501 2213 636 2292 ταύταις
646 2208 690 2280 ι’ἰν
700 2215 928 2299 ἐνεμείναμεν,
946 2215 1016 2281 ε’πεὶ
1027 2216 1082 2281 καί
1092 2212 1129 2280 τό
1143 2217 1176 2293 ἐξ
1187 2213 1249 2299 ἄρ·

220 2387 221 2393 ¹
295 2321 354 2398 γῆς
373 2320 518 2380 τοιοῦτοι
541 2311 636 2390 ὅντες
657 2316 885 2396 διετελοῦμεν,
916 2308 978 2377 οῦκ
1001 2312 1249 2397 ἐναντιούμενοι

294 2412 425 2492 τούτοις
442 2417 552 2497 ἔχουσι
569 2410 632 2497 τὴν
651 2408 769 2477 οῦσίαν
784 2411 840 2476 καί
850 2412 1044 2475 ἐπανιοῦσιν
1055 2407 1142 2492 ἅνω,
1166 2417 1246 2476 καθ’

251 2530 286 2583 66
296 2507 337 2578 ὃν
354 2511 477 2597 δήποτε
493 2509 620 2593 τρόπον
637 2508 826 2594 ἐβούλοντο.
860 2507 929 2571 έπεί
947 2504 983 2570 δὲ
999 2513 1079 2571 νυνί
1093 2528 1171 2572 ποτε
1182 2502 1247 2574 ὑπό
1258 2514 1328 2566 1100

293 2608 426 2684 τούτων
445 2605 557 2675 αῦτῦν
573 2609 628 2674 καί
643 2603 708 2674 ῦπδ
728 2612 797 2672 τῶν
814 2603 929 2689 νόμων
943 2601 981 2676 τό
1000 2599 1124 2689 πρᾶγμ’
1138 2605 1275 2692 έξείηᾎ,

295 2714 445 2792 λεγκται,
468 2706 696 2792 οἰόμεθαδεῖν
706 2713 925 2793 κληρονομεῖν
936 2709 1003 2770 των
1012 2701 1184 2789 Ἀρχιάδου
1194 2707 1250 2772 καί

295 2800 376 2888 παρ’
394 2802 490 2890 ἡμῶν
508 2804 591 2873 εἰναι
608 2803 669 2873 τόν
686 2803 763 2871 νίόν
779 2803 840 2873 τὸν
857 2802 1110 2889 εἰσποιούμενον
1125 2803 1248 2890 τῦνμὴ

294 2903 526 2988 πεποιημένων
538 2904 711 2990 πρότερον,
722 2903 767 2990 μὴ
779 2899 869 2986 παρὰ
881 2901 1018 2990 τούτων.
1043 2907 1174 2982 δικαίως
1185 2901 1249 2986 γὰρ

295 2997 520 3087 ὁνομοθέτης,
532 3001 631 3088 οἶμαι,
645 3000 755 3085 ὥσπερ
767 3003 823 3069 καὶ
833 2999 890 3080 τοὶς
899 2999 1032 3086 ἀτυχίας
1040 3009 1108 3069 τῶν
1117 3008 1251 3069 οἰκείων-

294 3102 350 3167 καί
367 3097 426 3178 τὰς
443 3098 587 3180 ἐκδόσεις
604 3107 673 3167 τῶν
689 3108 859 3185 γυναικῶν
874 3115 942 3180 τοῖς
953 3101 1121 3185 ἐγγυτάτω
1132 3103 1249 3193 γένους

295 3199 494 3284 προσέταττε
511 3186 694 3286 ποιεῖσθαι,
718 3197 806 3267 οῦτω
823 3202 878 3267 καί
892 3200 950 3279 τὰς
964 3206 1184 3285 κληρονομίας
1193 3196 1249 3270 καὶ

294 3297 357 3381 την
377 3305 447 3364 τοῖν
464 3294 605 3382 αἰγαθῦν
621 3309 799 3384 μετουσίαν
814 3314 883 3378 τοῖς
901 3297 1013 3376 αὐτοῖς
1029 3296 1247 3368 ἀποδέδωκεν.

251 3411 285 3466 67
295 3391 332 3461 τό
347 3392 383 3460 δὲ
395 3394 532 3462 πάντων
542 3399 698 3481 μέγιστον
709 3401 764 3465 καὶ
775 3397 1032 3483 γνωριμώτατον
1043 3394 1137 3482 ύμῖν·
1154 3396 1248 3484 ὁγὰρ
1298 3449 1301 3456 ·

295 3500 359 3560 τού
370 3493 529 3572 Σόλωνος
545 3494 647 3580 νόμος
664 3492 742 3563 οῦδὲ
754 3499 933 3563 διαθέσθαι
943 3491 1003 3561 τόν
1013 3493 1149 3580 ποιητὸν
1159 3499 1198 3577 έᾷ
1208 3493 1250 3562 τὰ

297 3595 334 3659 έν
351 3600 396 3680 τῷ
414 3603 510 3682 οἰκῳ,
534 3591 599 3684 ὅτῳ
612 3590 654 3661 όίν
665 3603 800 3682 ποιηθῇ.
832 3595 981 3680 εἰκότως,
1004 3593 1114 3680 οἰμαι·’
1127 3602 1174 3683 τῷ
1185 3590 1250 3677 γὰρ

297 3689 380 3758 κατὰ
393 3692 499 3778 νόμον
510 3696 735 3779 εἰσποιηθέντι
747 3696 799 3761 ἐπὶ
810 3693 850 3760 τόι
863 3695 975 3780 ἑτέρου
986 3691 1047 3782 οῦχ
1060 3693 1182 3777 οὕτως,
1205 3686 1252 3770 ὡς
