3159 4409
551 495 714 557 ΚΑΤΑ
740 497 987 566 ΝΕΑΙΡΑΣ
1088 520 1096 527 -
1154 490 1251 568 ’τοο

347 653 545 763 ἐπεδήμησα-ν,
574 658 606 719 ἐν
622 661 765 763 Κορίνθῳ
779 644 932 725 οἰκοῦσαι·
954 670 1132 770 καταστήσαι
1148 661 1233 730 δέ’
1195 693 1250 730 αο-

346 733 399 814 τᾶς
418 738 457 814 ὦς
475 735 566 803 αὑτὸν
576 739 739 804 Λυσίαν
710 767 762 807 τον
780 742 936 827 Κεφάλου,
963 744 1086 826 ῳίλον”
1068 773 1140 812 οντα
1158 751 1251 834 ἓαυτῳ

346 824 396 884 καί
408 820 589 905 ἐπιτήδειον]

260 963 296 1018 24
387 948 497 1017 Ποίλιν
511 958 664 1036 τοίνυν,
666 978 695 1019 ω
682 944 852 1040 ἄνδρες’
844 964 1028 1043 Αθηναῖοι,
1050 955 1131 1044 μετὰ
1148 965 1252 1026 ταῦτα

304 1043 443 1131 Σίμος“
426 1072 444 1113 ο
463 1046 624 1127 Θετταλός
640 1053 723 1135 ἔχων
739 1054 889 1140 Νέαιραν
910 1054 1085 1141 ταυτηνί’
1066 1071 1252 1142 αῳικνείται

304 1148 404 1231 δεῦρο
422 1151 468 1224 είς
483 1144 524 1213 τὰ
539 1149 763 1234 Παναθήναια
779 1150 821 1217 τὰ
838 1152 975 1237 μενοίλα.
1008 1154 1312 1272 συνηκολούθει

304 1241 668 1337 δέκαὶὴΝικορέτη’
626 1257 727 1336 αυτῇ,
749 1250 934 1336 κατήγοντο
951 1251 987 1320 δὲ
1003 1249 1093 1374 παρδι
1106 1259 1254 1338 Κτησίπ-

303 1365 354 1433 πῳ
378 1369 423 1433 τῳ
446 1351 684 1415 Γλαυκωνίδου
705 1374 751 1439 τῳ
773 1353 980 1437 Κυδαντίδῃ,
1011 1353 1067 1417 καὶ
1094 1356 1252 1418 συνέπινε

302 1410 358 1508 καὶ
384 1447 600 1511 συνεδείπνει
611 1415 762 1514 ἐναντίόν
790 1455 923 1515 πολλῶν
943 1450 1071 1534 Νέαιρα
1097 1447 1181 1535 αὕτη
1203 1447 1248 1528 ως

303 1566 347 1606 αν
353 1540 475 1661 ἑταίρα
493 1534 586 1609 ουσα.
619 1543 748 1611 καλέοι
766 1543 879 1669 ρἰληθή
898 1549 1000 1631 λέγω,
1022 1546 1152 1614 τούτων
1172 1544 1254 1632 ὑμῖν

259 1634 383 1716 Ξοτούς
400 1639 569 1726 μάρτυρας
587 1651 686 1709 καλω.
721 1648 779 1709 καί
796 1669 852 1728 μοι
873 1641 968 1711 κιίλει
983 1640 1175 1731 Εὐφίλητον
1190 1654 1331 1715 Σί-1353

304 1761 414 1820 μωνος
429 1745 462 1804 A
462 1740 578 1818 ίξωνέα
600 1743 656 1808 καί
675 1738 907 1841 Ἀριστόμαχον
922 1742 1134 1828 Κριτοδήμου
1151 1739 1253 1812 Ἀλω-

303 1840 461 1920 πεκήθεν.

576 2074 577 2078 ρ
649 1992 901 2081 ΜΑΡΤοΡωΣ.

374 2107 489 2220 [Εὗῳί
488 2121 571 2196 λητος
590 2120 724 2200 Σίμωνος
739 2113 904 2200 Αίξωνεδς,
923 2058 1127 2203 Ἀριστόμαχος
1138 2125 1251 2217 Κριτο-

346 2192 459 2299 δήμροῖ
454 2205 670 2303 Αλωριεκῆθεν,
682 2211 881 2309 μαρτυρρῦσιν
892 2204 1000 2265 εἰδέναι
1001 2209 1105 2303 Σῖμον
1117 2197 1169 2263 τὸν
1182 2206 1251 2264 Θετ·

344 2277 462 2344 ταλδν’
444 2277 625 2386 αφικόμενον
631 2279 812 2365 Ἀθήναζε’
785 2311 825 2360 εις
832 2311 869 2348 τα
857 2281 1079 2383 Παναθήναια
1087 2310 1124 2347 τα
1111 2281 1251 2386 μεγαλα,

345 2368 396 2428 καὶ
407 2361 462 2445 μετ’
475 2390 564 2429 αυτου
554 2368 759 2472 Νικαρέτην
757 2369 808 2428 καί
801 2363 993 2467 Νέαιραν
963 2393 1018 2448 την
1034 2392 1101 2429 νυνι
1091 2361 1251 2448 ἆγωνιζο-

345 2452 451 2531 μένην
469 2451 520 2512 καί
531 2446 712 2558 κριταγεσθαι
722 2443 829 2550 αδτορς
838 2473 919 2552 παρα
908 2444 1129 2553 Κτησίππῳ
1099 2475 1140 2511 τω
1127 2455 1251 2512 Γλαυ-

281 2572 289 2587 ι
346 2537 527 2639 κρονίδοο,κ
509 2558 560 2595 και
550 2534 731 2613 συμπίνειν
747 2527 804 2613 μετ’
818 2527 1098 2641 αντωνΝέαιραν
1079 2558 1119 2607 ως
1121 2513 1253 2633 έτριίραν

346 2638 438 2681 ουσαν
459 2618 509 2680 καὶ
532 2614 629 2680 όίλλων
651 2623 768 2681 πολλων
794 2611 952 2699 παρόντων
973 2618 1024 2679 και
1048 2613 1253 2697 συμπινόντων

344 2725 426 2787 παρα
439 2704 618 2788 Κτησίππῳ]

257 2855 293 2909 25
389 2809 484 2896 Μετδι
494 2837 598 2898 ταῦτα
608 2835 725 2897 τοίνυν
741 2833 778 2897 ἐν
795 2836 837 2916 τῇ
846 2788 1006 2915 Κορίνθῳ
1018 2823 1119 2912 αὐτῆς
1131 2828 1267 2908 έπιῳα-’

223 2998 246 3029 ρ,
305 2934 372 3004 νὼς
382 2932 596 3014 ἐργαζομένης
607 2931 662 2996 καί
679 2927 781 3014 οὔσης
798 2934 951 3014 λαμπρᾶς
967 2925 1062 2995 ἄλλοι
1072 2951 1107 2993 τε
1118 2927 1252 3011 ἐρασταί

304 3033 474 3112 γίγνονται
490 3029 545 3095 καί
556 3031 770 3113 Ξενοκλείδης
787 3025 805 3094 ὁ
821 3023 958 3114 ποιητής
974 3027 1029 3093 καί
1040 3022 1215 3107 Ἵππαρχος
1233 3020 1250 3092 ὁ

304 3124 500 3209 ὑποκριτής,
522 3128 577 3193 καὶ
599 3126 686 3211 εἶχον
705 3123 811 3212 αὐτὴν
834 3129 1090 3212 μεμισθωμένοι.
1124 3125 1180 3190 καὶ
1201 3120 1252 3190 ὅτι

304 3222 415 3310 ἀληθῆ
438 3225 529 3308 λέγω
550 3231 611 3290 τοῦ
632 3226 693 3310 μὲν
709 3229 928 3302 ,Ξενοκλείδου
944 3221 1008 3290 οὐκ
1028 3218 1072 3289 δν
1083 3226 1252 3308 δυναίμην

303 3318 383 3407 ὑμίν
393 3327 578 3407 μαρτυρίαν
589 3326 832 3409 παρασχέσθαι*
855 3320 896 3389 οὐ
914 3320 979 3407 γὰρ
991 3315 1089 3388 ἑοῖσιν
1105 3318 1254 3391 αὐτὸνοί

260 3420 401 3505 ογνόμοι
412 3434 606 3505 μαρτυρεῖν·
630 3419 685 3488 ὅτε
696 3420 760 3506 γὰρ
772 3425 1056 3505 Λακεδαιμονίους
1064 3416 1155 3506 ὑμεῖς
1165 3419 1251 3489 έσοί·

304 3524 369 3598 ζετε
381 3522 571 3601 πεισθέντες
588 3518 655 3587 ὑπὸ
665 3519 935 3605 Καλλιστράτου,
951 3517 1026 3586 τότε
1037 3515 1203 3587 ἀντειπών
1214 3524 1251 3585 έν

303 3624 350 3703 τῷ
361 3617 452 3707 δήμῳ
462 3626 503 3704 πή
514 3625 654 3708 βοηθείᾳ
661 3670 674 3710 ,ὓ
688 3620 874 3703 ἐωνημένος
883 3616 946 3702 τήν
956 3618 1179 3706 πεντηκοστήν
1189 3623 1251 3684 τοῦ

305 3712 398 3782 σίτου
409 3719 445 3783 ἐν
456 3717 585 3807 εἰρήνη,
608 3721 662 3787 καὶ
680 3720 758 3786 δέον
775 3713 880 3784 αὐτὸν
891 3719 1109 3805 καταβάλλειν
1119 3718 1177 3794 τὰς
1188 3741 1250 3782 κα-
