3159 4409
372 467 413 531 ιε
515 442 523 514 ἶ
580 470 672 527 xuv.
703 465 1121 541 Λαυοεοααουε

373 637 554 716 μαρτυρίας
563 630 619 697 καὶ
636 635 698 695 τοῦ
709 625 839 712 ἀγῶνος
854 623 917 712 ήδη
928 632 1047 712 νομιζω
1059 630 1130 695 δεῖν
1142 627 1321 696 διδάσκειν.

264 802 270 819 Ι
372 729 473 814 εἰμὲν
484 720 564 810 οὖν,
587 719 614 798 ἀ
632 725 752 809 ἀνδρες
770 728 936 810 δικασταὶ,
958 727 994 792 ἐκ
1011 732 1069 812 τής
1086 718 1323 818 διαμαρτυρίας

372 825 474 915 αὐτῆς
491 827 669 912 Λεωχάρης
691 831 828 910 ἔμελλεν
848 821 1117 910 ἀπολογούμενος
1138 829 1257 905 δείξειν
1278 821 1324 904 ὥς

373 934 461 995 ἔστιν
477 923 551 1004 υίὸς
568 925 703 1011 γνήσιος
716 921 909 1007 Ἀρχιάδου,
932 920 1033 991 οὐδὲν
1050 919 1095 993 ἀν
1112 929 1178 992 ἔδει
1187 932 1323 993 πολλῶν

372 1025 492 1112 λόγων,
504 1024 579 1092 οὐδ’
591 1023 728 1092 ἀνωθεν
737 1018 824 1107 ὑμᾶς
835 1021 991 1102 ἐξετάζειν
1001 1023 1038 1090 τὸ
1049 1027 1145 1108 γένος
1155 1021 1192 1091 τό
1204 1021 1323 1110 ήμέτε-

345 1143 361 1196 6
373 1150 450 1210 ρον·
473 1120 584 1208 ἐπειδὴ
598 1121 633 1188 δὲ
645 1121 684 1187 τά
702 1122 762 1206 μὲν
775 1122 1105 1207 διαμεμαρτυρημένα
1115 1123 1230 1208 ἕτερον
1241 1121 1322 1208 τρό-

372 1250 437 1291 πον
448 1229 522 1307 ἔχει,
535 1218 552 1288 ὁ
566 1224 600 1288 δὲ
612 1219 717 1298 πολδς
726 1226 788 1287 τοῦ
805 1219 910 1304 λόγου
920 1223 1064 1288 τουτοισὶ
1076 1227 1166 1289 ἔσται
1178 1219 1223 1301 ὡς
1234 1227 1321 1292 εἰσε-

371 1323 577 1410 ποιήθησαν,
604 1322 660 1387 καὶ
680 1315 762 1387 κατά
785 1318 847 1405 τήν
868 1318 1055 1405 ἀγχιστείαν
1075 1318 1206 1407 γνήσιοι
1226 1318 1320 1400 ὄντες

335 1432 338 1437 ’
371 1429 503 1501 δικαίας
520 1416 638 1505 ἀντής
657 1416 772 1497 οὐσίας
789 1426 1045 1504 κληρονομοῖεν,
1070 1417 1268 1504 ἀναγκαῖον,
1291 1412 1320 1488 οἷ

369 1523 488 1606 ἀνδρες
500 1520 660 1604 δικασταὶ,
672 1517 726 1585 διά
738 1525 841 1585 ταῦτα
857 1526 964 1607 μικρῷ
975 1517 1110 1613 ἀνωθεν
1120 1515 1160 1585 τά
1172 1520 1247 1602 περὶ
1258 1525 1318 1586 τοῦ

367 1625 486 1707 γένους
498 1619 577 1706 ὑμῖν
589 1625 785 1700 διεξελθεῖν·
802 1618 860 1686 ε’ἀν
870 1615 1041 1703 γάρτοῦτο
1053 1625 1168 1702 σοφοῖς
1178 1617 1317 1704 μάθητε,

342 1716 411 1792 7οά
423 1717 467 1805 μή
487 1715 804 1803 παρακρουσθῆτε
784 1713 840 1782 υπ’
859 1715 1027 1806 αὐτωυτφ
1016 1718 1140 1804 λόγῳ.
1169 1721 1237 1783 ε’στι
1252 1717 1317 1802 γὰρ

368 1814 461 1902 ὁμὲν
477 1816 569 1902 ἀγών
586 1813 701 1883 οὑτοσὶ
712 1815 840 1901 κλήρου
852 1819 1036 1882 διαδικασία
1044 1813 1318 1913 ,ἀμφισβητεῖται

369 1915 404 1983 δὲ
420 1914 510 2000 παρά
527 1920 587 2001 μὲν
601 1912 697 2000 ἡμων
716 1910 800 1980 κατά
818 1918 917 1999 γένος
933 1913 952 2000 ή
970 1912 1152 2001 ἀγχιστεία,
1175 1940 1265 2001 παρα
1253 1915 1318 1986 δὲ

367 2040 497 2082 τουτων
508 2042 591 2081 κατα
602 2022 749 2099 ποιησιν
772 2010 1044 2101 ὁμολογοῦμενδ
1058 2013 1237 2083 ἐναντιον
1221 2042 1317 2103 υμων

368 2111 485 2181 δειυ
448 2141 507 2193 τας
518 2132 665 2200 ποιήσεις
675 2118 793 2196 κυριας
803 2139 905 2194 ειυαι,
925 2112 1002 2181 οσαι
1019 2109 1062 2181 ἀν
1073 2114 1156 2182 κατὰ
1167 2141 1246 2194 τους
1257 2114 1318 2183 υό·

367 2240 450 2299 μους
469 2204 601 2290 δικαίως
618 2215 790 2296 γένωνται.
825 2209 908 2278 ὥστε
926 2211 1121 2291 ταύταςτὰς
1138 2211 1317 2293 ὑποθέσεις

366 2316 584 2400 μεμνημένοι,
607 2307 650 2378 ἀν
665 2316 816 2391 δειξωσιν
832 2308 911 2396 ὑμῖν
927 2312 1079 2388 διδόντας
1097 2311 1175 2391 τοὺς
1191 2313 1316 2399 νόμους

367 2411 478 2491 αὐτοῖς
498 2411 521 2478 ἀ
543 2409 884 2497 διαμεμαρτυρήκασι,
912 2419 1104 2496 ψηφίσασθε
1126 2410 1238 2491 αὐτοῖς
1256 2411 1317 2481 τὸν

340 2519 500 2598 εκλήρον.
522 2513 577 2578 καὶ
589 2508 647 2579 ἐάν
658 2510 719 2595 μὲν
731 2511 766 2577 ἐκ
777 2517 847 2578 τῶν
857 2511 971 2596 νόμων
982 2508 1025 2595 μή
1038 2508 1184 2603 ὑπάρχῃ,
1204 2516 1315 2580 δίκαια

367 2611 402 2679 δδ
423 2611 478 2677 καὶ
505 2610 730 2694 φιλάνθρωπα
754 2617 939 2695 φαίνωνται
961 2612 1126 2696 λέγοντες,
1149 2613 1203 2678 καὶ
1226 2610 1315 2680 οὕτω

366 2715 613 2794 συγχωροῦμεν.
645 2711 701 2774 ἵνα
720 2709 755 2776 δὲ
774 2713 882 2794 είδήτε
894 2708 943 2775 ὅτι
954 2707 1037 2776 κατὰ
1048 2712 1144 2793 γένος
1154 2711 1316 2796 ἐγγύτατα

365 2805 459 2886 ὅντες
470 2804 512 2874 οὐ
522 2806 629 2892 μόνον
637 2807 748 2874 τούτω
767 2809 1054 2932 ἐνισχυριζόμεθα,
1078 2806 1162 2877 ἀλλά
1180 2813 1317 2889 καὶτοῖς

364 2905 475 2982 ἀλλοις
497 2904 614 2989 άπασι,
651 2911 785 2987 πρῶτον
807 2933 869 2992 μεν
884 2904 968 3028 ήπὲρ
989 2905 1095 2975 αάτου
1114 2917 1175 2976 τοῦ
1196 2913 1315 2994 γένους

364 3001 451 3089 υμᾶς
475 3002 649 3088 διδάξομεν
677 3001 760 3074 ὅθεν
783 3003 905 3126 ἐστίν’
890 3033 908 3073 ο
928 3013 1063 3094 κλῆρος
1098 3015 1219 3093 νομίζω
1236 3008 1312 3094 γάρ,
1322 3029 1377 3086 τος·

364 3095 407 3166 ἀν
427 3103 533 3191 τούτῳ
556 3111 603 3191 τῷ
620 3105 711 3188 μέρει
732 3114 795 3171 τοῦ
817 3098 947 3225 ἀγῶνος
967 3115 1081 3190 σαφως
1102 3116 1314 3190 παρακολου-

363 3200 504 3287 θήσητε,
532 3206 585 3270 και
606 3209 674 3270 τάν
698 3202 852 3272 ἀλλων’
832 3213 921 3290 υμᾶς
944 3201 1082 3283 ου’δενός
1103 3203 1314 3292 ἀπολειφθή-

364 3308 491 3366 σεσθαι.

335 3417 352 3471 9
450 3395 494 3463 Τδ
512 3396 576 3483 γάρ
596 3404 628 3479 ἐξ
645 3399 763 3487 ἀρχῆς,
785 3394 945 3489 ἀνδρες
956 3407 1118 3489 δικασταὶ,
1142 3413 1313 3490 γίγνονται

363 3492 554 3585 Εὐθυμάχῳ
579 3507 625 3587 τῷ
644 3497 795 3583 Ὀτρυνεῖ
812 3505 893 3580 υίεῖς
914 3516 1014 3585 τρεῖς,
1036 3509 1241 3590 Μειδυλίδης
1256 3507 1312 3574 καὶ

353 3592 532 3679 ’Ἄρχιππος
543 3597 597 3663 καὶ
604 3595 789 3685 Ἀρχιάδης,
803 3603 858 3667 καὶ
868 3601 1021 3689 θυγάτηρ
1033 3595 1055 3690 ή
1067 3603 1173 3687 ὄνομα
1186 3596 1228 3689 ήν
1238 3602 1312 3687 Ἀρ-

290 3744 294 3751 ,
362 3696 477 3778 χιδίκη.
511 3696 765 3781 τελευτήσαντος
783 3699 819 3768 δὲ
836 3706 898 3766 τοῦ
915 3699 1039 3786 πατρὸς
1056 3699 1167 3780 αὐτοῖς
1176 3699 1238 3788 τήν
1248 3702 1311 3788 μὲν
