3159 4409
320 493 383 558 εεο
532 495 599 552 ια.
621 489 1054 570 [ΑΗΜοΣοαΝονεη

319 659 440 722 τοῦτον
450 650 520 740 ἥκω
530 655 699 734 ἐπιδείξων
717 657 763 730 είς
775 648 863 737 ὑμᾶς
875 655 951 738 ξένη
960 651 1022 737 μὲν
1038 653 1172 737 γυναικὶ
1183 669 1267 718 συν-

320 760 477 821 οικοῦντα
488 751 577 839 παρὰ
588 753 648 818 τὸν
659 751 782 836 νόμον,
805 748 999 834 ἀλλοτρίους
1016 749 1052 818 δὲ
1068 753 1188 828 παῖδας
1198 755 1266 817 είσψ

319 849 485 936 αγαγόντα
495 859 542 930 είς
560 875 595 916 τε
611 848 689 927 τούς
706 849 871 934 φράτερας
888 851 942 917 καὶ
960 854 1006 927 είς
1022 846 1102 928 τούς
1111 849 1264 934 δημότας,

319 952 487 1035 ἐγγυῶντα
495 947 530 1016 δὲ
540 947 597 1026 τάς
606 955 672 1015 τωῑν
685 948 824 1031 ἑταιρῶν
833 951 1020 1034 θυγατέρας
1032 945 1076 1026 ὡς
1088 945 1194 1014 αὑτοῦ
1205 946 1265 1014 οὕ·

319 1068 388 1134 σας,
411 1044 595 1134 ἠσεβηκότα
606 1043 639 1113 δ’
651 1052 696 1125 είς
707 1043 787 1125 τοάς
796 1044 916 1131 θεοὺς,
938 1045 1264 1130 ἀκυρονδδποιούν-

318 1174 358 1215 τα
370 1143 429 1214 τόν
446 1149 554 1230 δῆμον
567 1151 635 1212 τῶν
652 1142 776 1231 αὑτοῦ,
799 1144 843 1212 ἀν
862 1171 936 1214 τινα
956 1148 1116 1234 βούληται
1126 1154 1264 1232 πολίτην

319 1243 538 1331 ποιήσασθαι·
559 1249 607 1322 τίς
623 1241 687 1328 γάρ
704 1239 748 1310 ἀν
764 1249 812 1312 ἔτι
828 1242 917 1330 παρά
928 1251 989 1311 τοῦ
1000 1245 1264 1331 δημουζητήσειε

318 1333 432 1428 λαβεῖν
442 1341 571 1429 δωρεάν
580 1344 660 1428 μετά
671 1349 804 1410 πολλῶν
813 1341 1039 1428 ἀναλωμάτων
1048 1346 1102 1410 καί
1111 1366 1263 1428 πραγμα-

316 1449 403 1521 τείας
422 1447 555 1527 πολίτης
570 1445 700 1527 μέλλων
717 1447 867 1527 έσεσθαι,
889 1439 964 1521 ἐξὸν
979 1442 1069 1525 παρὰ
1083 1441 1263 1527 Στεφάνου

317 1538 371 1608 ἀπ’
384 1542 557 1621 ἐλάττονος
568 1539 799 1628 ἀναλώματος,
819 1550 851 1609 εί
863 1566 901 1625 γε
912 1539 947 1607 τδ
961 1538 1041 1606 αάτό
1053 1547 1151 1607 τοῦτο
1164 1540 1263 1626 γενή-

318 1660 407 1708 σεται
418 1638 524 1718 αὐτοῖς
1214 1692 1217 1697 -

276 1762 309 1816 14
393 1737 433 1803 “A
449 1740 509 1824 μὲν
526 1731 589 1807 οδν
606 1737 775 1826 ἀδικηθεὶς
794 1737 857 1824 ἐγω
875 1736 941 1808 ὑπὸ
952 1739 1133 1824 Στεφάνου
1143 1737 1263 1821 πρότε-

317 1862 374 1922 ρος
394 1837 589 1923 ἐγραψάμην
614 1836 677 1924 τὴν
704 1836 839 1926 γραφὴν
865 1839 1007 1925 ταύτην,
1038 1849 1154 1925 είρηκα
1180 1833 1264 1920 πρὸς

316 1932 416 2020 ὑμάς·
441 1933 485 2014 ὦς
496 1935 527 2003 δ’
541 1939 608 2005 ἐστὶ
625 1939 699 2022 ξένη
711 1938 840 2020 Νέαιρα
860 1937 944 2024 αὕτη
955 1940 1012 2006 καί·
1020 1949 1171 2005 συνοικεῖ
1177 1943 1263 2002 Στε-

317 2034 414 2123 φάνφ
425 2034 531 2124 τοάτφ
549 2036 605 2103 καί
621 2033 726 2117 πολλά
743 2036 1016 2122 παρανενόμηκεν
1027 2037 1143 2123 είςτην
1154 2037 1262 2118 πόλιν,

316 2128 402 2198 ταῦτ’
413 2129 476 2217 ἤδη
488 2135 539 2199 δεῖ
546 2140 667 2217 μαθεῖν
683 2131 778 2219 ὑμᾶς.
813 2136 927 2219 δέομαι
943 2125 1006 2201 οὖν
1022 2130 1135 2219 ὑμῶν,
1158 2125 1186 2200 οἷ
1202 2131 1264 2198 ἀν-

315 2232 556 2314 δρεςδικασταὶ,
572 2228 657 2316 άπερ
667 2227 811 2317 ἡγοῦμαι
822 2232 1003 2318 προσήκειν
1013 2237 1175 2317 δεηθῆναι
1186 2231 1264 2296 νέον

257 2339 261 2348 ’
315 2354 349 2395 τε
369 2326 450 2396 ὄντα
469 2330 524 2396 καὶ
544 2325 685 2413 ἀπείρως
704 2335 820 2416 ἔχοντα
839 2339 901 2398 τοῦ
918 2338 1043 2416 λέγειν,
1072 2327 1264 2415 συνήγορόν

314 2454 354 2514 με
369 2435 523 2496 κελεῦσαι
539 2433 673 2497 καλέσαι
688 2438 735 2521 τῷ
752 2428 859 2516 ἀγῶνι
876 2431 983 2518 τούτῳ
1000 2427 1261 2510 Ἀπολλόδωρον.

272 2555 303 2606 15
315 2529 368 2595 καὶ
384 2525 448 2611 γάρ
466 2527 687 2614 πρεσβύτερός
704 2523 832 2614 ἐστινῆ
849 2526 930 2613 ἐγώ,
953 2529 1009 2595 καὶ
1025 2530 1263 2612 ἐμπειροτέρως
1276 2540 1331 2597 135⁰

313 2629 377 2711 ἔχει
397 2632 466 2692 τοῖν
487 2624 614 2711 νόμων,
647 2628 701 2692 καὶ
722 2631 904 2712 μεμέληκεν
924 2623 1015 2711 αὐτῷ
1035 2626 1110 2708 περὶ
1132 2624 1262 2691 τούτων

314 2721 470 2792 ἁπάντων
485 2721 642 2811 ἀκριβῶς,
665 2726 721 2792 καί
738 2723 889 2810 ἠδίκηται
906 2721 971 2791 ὑπὸ
983 2722 1164 2808 Στεφάνου
1182 2747 1262 2789 του-

312 2824 400 2911 τουί,
423 2821 505 2890 ὥστε
527 2824 581 2890 καί
603 2819 833 2907 ἀνεπίφθονον
854 2819 943 2909 αὐτῷ
964 2829 1181 2907 τιμωρεῖσθαι
1201 2816 1262 2887 τὸν

313 2921 510 3007 ὑπάρξαντα.
548 2924 600 2986 δεῖ
615 2919 648 2986 δ’
665 2919 751 3006 ὑμᾶς
767 2923 801 3000 ἐξ
820 2919 921 3006 αάτης
939 2927 997 3005 τῆς
1022 2917 1180 3004 ἀληθείας
1199 2915 1261 3004 την

313 3019 484 3109 ἀκρίβειαν
498 3016 703 3098 ἀκούσαντας
720 3028 823 3105 τῆςτε
834 3025 1030 3110 κατηγορίας
1043 3019 1165 3104 καὶτῆς
1176 3015 1261 3084 ἀπο·

312 3115 613 3204 λογίας,οῧτωςῆδη
624 3115 685 3204 την
696 3124 811 3203 ψῆφον
821 3120 936 3203 φέρειν
946 3113 1031 3202 ὑπέρ
1042 3141 1077 3182 τε
1088 3123 1157 3182 τάν
1167 3122 1261 3182 θεῶν

312 3216 366 3281 καί
375 3223 442 3281 των
453 3213 566 3299 νόμων
577 3216 631 3281 καὶ
642 3221 702 3281 τοῦ
714 3220 844 3281 δικαίου
854 3217 910 3281 καὶ
920 3210 1017 3300 ὑμῶν
1028 3211 1149 3280 αὐτῶν.

439 3394 442 3398 Α
645 3319 919 3381 marom.

268 3444 301 3498 15
387 3404 427 3472 “A
453 3411 514 3494 μὲν
539 3407 753 3498 ἠδικημένος,
782 3403 951 3495 ἀάνδρες
975 3406 1162 3496 Ἀθηναῖοι,
1191 3405 1257 3475 ὑπὸ

311 3506 492 3591 Στεφάνου
503 3507 691 3598 ἀναβέβηκα
708 3508 944 3595 κατηγορήσων
954 3514 1098 3593 Νεαίρας
1109 3508 1257 3591 ταυτησὶ,

311 3605 521 3703 Θεόμνηστος
533 3619 641 3695 είρηκε
652 3607 735 3693 πρὸς
748 3607 847 3696 ὑμᾶς·
867 3603 910 3685 ὡς
921 3604 952 3673 δ’
965 3609 1032 3673 ἐστὶ
1043 3608 1117 3690 ξένη
1128 3610 1257 3687 Νέαιρα

311 3708 364 3774 καὶ
374 3703 551 3791 παράτοάς
567 3709 691 3794 νόμους
703 3720 852 3775 συνοικεῖ
861 3705 1042 3794 Στεφάνῳ,
1060 3713 1158 3772 τοῦτο
1176 3700 1258 3788 ὑμῖν
