3159 4409
611 502 921 566 ΕΡΩΤΙΚΟΣ.
1181 502 1246 569 329

296 669 516 754 συνδιέβαλον
526 662 629 754 αὐτῷ.
660 651 709 737 ὧν
719 659 904 747 οὐδενίτηυ
921 660 985 748 σὴν
996 661 1076 743 ὄψιν
1088 661 1244 751 εὕροιμεν

295 764 340 836 άυ
350 772 466 851 ἔνοχον
476 764 713 849 γεγενημένην·
735 757 824 827 οὕτω
834 757 900 844 γάρ
917 757 1048 846 σφόδρα
1058 759 1241 846 ἐφυλάξατο
1251 785 1318 840 1405

295 867 402 942 πάσας
421 860 480 941 τάς
495 861 649 939 τοιαύτας
662 867 766 947 κῆρας
782 856 873 937 ὅστις
888 856 958 926 ποτ’
975 852 1019 945 ἦν
1037 867 1131 927 θεων
1148 857 1166 927 ὁ
1186 868 1243 947 τῆς

296 972 355 1050 σῆς
367 961 475 1043 ὅψεως
485 960 701 1048 προνοηθεὶς,
713 955 797 1026 ὥστε
807 956 910 1044 μηδὲν
920 960 1072 1044 μέμψεως
1080 956 1191 1038 άξιον,
1201 956 1241 1025 τά

252 1077 286 1132 13
296 1061 475 1129 δὲπλεῑστα
486 1057 685 1145 περίβλεπτά
696 1075 759 1123 σου
767 1064 991 1142 καταστῆσαι·
1002 1058 1057 1123 καὶ
1065 1055 1127 1141 μὲν
1137 1054 1177 1141 δη
1188 1059 1243 1124 καὶ

294 1167 362 1228 τοῖν
372 1156 550 1245 ὁρωμένων
566 1154 829 1243 ἐπιφανεστάτου
844 1153 906 1240 μὲν
921 1151 1017 1233 ὄντος
1032 1160 1093 1220 τοῦ
1108 1154 1242 1235 προσώ·

294 1281 377 1341 που,
399 1256 521 1324 τούτου
538 1254 575 1323 δὲ
594 1252 700 1322 αὐτοῦ
716 1259 785 1321 τῶν
805 1251 972 1340 ὀμμάτων,
996 1259 1043 1322 ἔτι
1059 1261 1186 1339 μᾶλλον
1205 1256 1242 1321 ἐν

293 1355 423 1435 τούτοις
433 1358 618 1434 ἐπεδείξατο
633 1350 696 1439 τὴν
712 1350 850 1421 εὔνοιαν
864 1351 909 1438 ἢν
919 1349 1005 1437 εἶχεν
1016 1356 1062 1430 είς
1074 1351 1110 1418 σέ
1119 1351 1156 1418 τὸ
1169 1356 1242 1419 δαι-

293 1453 421 1538 μόνιον.
454 1449 496 1520 οὐ
513 1452 577 1538 γάρ
595 1450 702 1536 μόνον
718 1448 802 1533 πρὸς
817 1446 855 1516 τὸ
867 1448 907 1516 τά
918 1447 1145 1534 κατεπείγονθ’
1156 1447 1241 1535 ὁρᾶν

294 1548 441 1634 αὐτάρκη
454 1551 669 1633 παρέσχηται,
690 1543 759 1615 ἀλλ’
772 1551 871 1615 ἐνίων
882 1544 957 1614 οὐδ’
968 1551 1005 1615 ἐκ
1020 1554 1088 1617 των
1098 1573 1240 1633 πραττο-

292 1653 402 1733 μένων
419 1649 686 1732 χιηνωσιιομένης
706 1652 765 1730 τῆς
781 1643 914 1731 άρετῆς,
940 1653 1004 1713 σοῦ
1020 1643 1073 1713 διά
1095 1655 1163 1715 τοῖν
1184 1653 1241 1734 τῆς

292 1745 401 1826 ὅψεως
428 1751 572 1832 σημείων
598 1742 638 1811 τά
665 1742 823 1812 κάλλιστα
847 1751 915 1824 των
933 1741 1030 1830 ἠθῶν
1053 1744 1239 1832 ἐνεφάνισε,

291 1851 401 1930 πρᾶον
411 1843 538 1930 μέυ-ιιαὶ
549 1842 793 1928 φιλάνθρωπον
808 1855 875 1921 τοῖς
886 1838 998 1927 ὁρῶσι,
1009 1849 1241 1930 μεγαλοπρεπῆ

291 1945 328 2012 δὲ
338 1945 393 2010 καί
404 1942 528 2029 σεμυδν
537 1955 605 2019 τοῖς
616 1937 804 2027 ὁμιλοῦσιν,
823 1939 979 2024 άνδρείον
989 1942 1025 2010 δὲ
1037 1945 1092 2010 καὶ
1103 1943 1239 2028 σωφρο-

248 2071 282 2125 14
290 2069 333 2111 να
349 2049 451 2109 πάσιν
466 2044 640 2119 ἐπιδείξας·
662 2035 753 2107 δααί
769 2036 894 2124 μάλιστ’
907 2037 951 2107 άν
967 2065 1015 2118 τις
1024 2040 1237 2126 θαυμάσειεν.

290 2148 358 2208 τοῖν
367 2136 431 2225 γάρ
444 2136 553 2207 ἄλλων
564 2139 615 2206 ἐπὶ
625 2137 687 2223 μὲν
696 2144 753 2223 τῆς
762 2136 945 2223 πραότητος
954 2147 1128 2223 ταπεινῶν,
1140 2141 1191 2207 ἐπὶ
1202 2139 1238 2206 δὲ

290 2245 348 2323 τῆς
358 2237 554 2323 σεμνότητος
571 2233 735 2302 αὐθαδοῖν
750 2233 1097 2321 ὑπολαμβανομένων,
1109 2241 1164 2304 καί
1183 2238 1236 2303 διά

291 2336 351 2422 μὲν
369 2335 430 2422 τὴν
449 2333 608 2420 ἀνδρείαν
627 2333 861 2418 θρασυτέρων,
885 2330 937 2398 διὰ
958 2336 994 2398 δὲ
1014 2330 1076 2417 τὴν
1096 2330 1236 2418 ἡσυχίαν

291 2432 476 2521 ἀβελτέρων
487 2429 791 2512 είναιδοιιοάυτωυ,
810 2427 971 2505 τοσαύτας
982 2424 1237 2510 ὑπεναντιώσεις

289 2531 373 2616 πρὸς
395 2532 519 2617 άλληλα
540 2535 689 2616 λαβοῦσα
709 2524 730 2612 ἡ
751 2525 833 2611 τάχη
856 2524 939 2612 πρὸς
957 2524 994 2594 τὸ
1012 2531 1090 2595 δέου
1111 2527 1235 2598 ἅπανθ’

288 2629 539 2716 ὁμολογούμενα
549 2625 735 2710 ἀπέδωκεν,
760 2622 872 2707 ὥσπερ
890 2622 993 2712 εὐχὴν
1009 2625 1236 2716 ἐπιτελοῦσαῆ

287 2727 494 2814 παράδειγμα
505 2740 573 2806 τοϊς
584 2725 694 2804 ἄλλοις
702 2721 872 2804 ὑποδεῖξαι
881 2731 1101 2812 βουληθεῖσα,
1114 2723 1181 2795 ἀλλ’
1195 2718 1236 2796 οά

242 2846 277 2899 15
287 2823 433 2911 θνητὴν,
446 2823 489 2904 ὡς
500 2833 642 2907 είθιστο,
661 2821 766 2908 φύσιν
783 2825 909 2897 ίστάσα.
942 2829 973 2890 εί
981 2822 1042 2910 μὲν
1054 2815 1118 2892 οὖν
1128 2818 1200 2894 οἷού
1210 2822 1234 2894 τ’

287 2915 332 3006 ἦν
347 2924 521 3004 ἐφικέσθαι
536 2930 584 3010 τῷ
601 2920 689 3008 λόχῳ
705 2927 765 2987 τοῦ
784 2920 926 3000 κάλλους
942 2929 1002 2990 τοῦ
1019 2930 1082 2991 σοῦ
1098 2918 1121 3010 ἦ
1137 2931 1235 2993 τοῦτο

285 3012 330 3106 ἦν
343 3020 449 3104 μόνον
465 3027 534 3088 των
549 3026 620 3086 σῶν
636 3016 841 3104 ἀξιέπαινον,
865 3018 965 3088 οὐδὲν
982 3016 1025 3089 άυ
1041 3031 1236 3107 παραλιπεῖν

287 3115 423 3208 ᾠόμεθα
435 3121 505 3185 δεῖν
515 3120 730 3196 ἐπαινοῦντες
740 3124 809 3185 τῶν
825 3119 1021 3203 προσόντων
1032 3139 1100 3187 σοι·
1122 3129 1186 3187 νῦν
1198 3122 1234 3193 δέ

286 3217 419 3284 δέδοικα
436 3215 479 3302 μη
494 3213 577 3298 πρὸς
587 3213 628 3282 τά
642 3208 740 3283 λοιπά
750 3213 944 3302 άπειρηιιόσι
954 3218 1155 3305 χρησώμεθα
1165 3235 1233 3305 τοῖς

240 3344 275 3399 16
285 3311 461 3399 άιιροαταίς
471 3314 527 3382 καὶ
538 3316 613 3398 περὶ
623 3314 745 3382 τούτου
756 3315 863 3402 μάτην
873 3317 1141 3403 τερθρευώμεθα.
1164 3328 1233 3400 πως

284 3410 348 3498 γάρ
359 3412 403 3481 άυ
421 3439 471 3494 τις
488 3410 655 3500 ὑποβάλοι
666 3419 711 3502 τῷ
723 3414 812 3502 λόχῳ
829 3410 890 3498 την
908 3410 1076 3501 σηνὸιβιν,
1102 3406 1141 3503 ἧς
1151 3422 1230 3505 μηδ’

283 3508 306 3579 ά
314 3513 410 3597 τέχνη
425 3517 598 3597 πεποίηται
615 3518 684 3581 τοῖν
702 3517 811 3596 ἔργων
826 3523 894 3589 τοῖς
908 3507 1230 3603 ἀρίστοις-δημιουρ-
1239 3541 1307 3599 1406

282 3622 353 3692 μοῖς
374 3608 512 3677 δύναται
529 3606 738 3697 ὑπερτείναι;
760 3611 815 3679 καὶ
832 3608 1029 3696 θαυμαστὸν
1052 3611 1165 3683 οὐδέν·
1186 3611 1227 3681 τά

282 3704 342 3791 μὲν
353 3701 418 3793 γάρ
429 3704 585 3795 άαίνητον
597 3713 661 3794 ἔχει
673 3707 734 3794 τὴν
744 3713 892 3796 θεωρίαν
896 3758 908 3795 ,
923 3707 996 3779 ὥστ’
1008 3708 1132 3799 άδηλον
1143 3709 1227 3780 εἶναι
