3159 4409
305 504 367 571 100
498 506 605 563 κινιι
627 503 1070 582 [ΔΗΜοεοΕΝουεχ

303 667 366 736 τδν
381 671 516 750 ἔλεγχον
531 655 611 744 ἐξ
583 689 633 730 ων
652 660 670 730 6
690 662 867 748 Θεόφημος
882 667 973 748 ἔλεγε
993 664 1067 732 τότε
1089 666 1260 744 ἐξαπατῶν

305 789 384 843 τους
394 758 564 847 δικαστας,
589 762 626 828 ἐκ
644 760 776 828 τούτων
790 767 986 881 γίγνεσθαις
1007 768 1071 849 ἔφη
1088 761 1152 850 γὰρ
1170 767 1261 861 ἐυτή

306 867 431 948 δίκη
390 888 449 947 της
459 866 568 938 αἰκίας
578 856 659 937 τοῦς
675 861 737 945 μέν
751 860 922 945 μάρτυρας
937 859 1016 940 τοῦς
1032 856 1261 948 παραγενομέ-

305 987 387 1040 νους
409 962 464 1028 καλ
485 965 741 1044 μαρτυροῦντας
761 957 802 1025 τά
817 948 982 1044 γενάμενα
999 960 1037 1026 ἐν
1050 967 1260 1050 γραμματείῳ

305 1058 390 1129 κατά
400 1057 461 1128 τὸν
471 1059 578 1144 νόμον
594 1061 726 1138 ψευδεῖς
743 1055 829 1124 εἶναι
844 1054 930 1124 καλ
910 1082 958 1124 υπ
958 1054 1064 1142 ’ἐμοῦ
1076 1077 1262 1144 παρεσκευ-

306 1159 487 1245 ασμένους,
505 1153 610 1243 τήνδ’
623 1154 882 1242 ἀνθρωποντήν
892 1159 1263 1244 παραγενομέυηνέρετν

306 1254 438 1344 τάληθῆ
448 1253 510 1325 οὐκ
521 1260 558 1324 ἐκ
568 1262 795 1344 γραμματείου
805 1264 1058 1342 μαρτυροῦσαν,
1074 1253 1142 1324 ἀλλ’
1155 1259 1192 1323 ε’κ
1204 1263 1263 1342 τῆς

307 1356 521 1443 ίσχυροτάτης
531 1362 727 1442 μαρτυρίας,
745 1357 1006 1442 βασανιζομένην
1017 1379 1175 1437 οποτερος
1184 1346 1263 1442 ηρξε

281 1450 607 1542 ςχειρῦνάδίκωυ.
592 1481 614 1520 α
608 1451 684 1540 δή,
702 1478 748 1544 τω
736 1454 850 1576 λόγῳ
861 1454 935 1522 τότε
946 1479 1198 1541 καταχρωμενος
1207 1454 1263 1521 και

247 1551 477 1673 μάρτυρας
502 1558 728 1640 παρεχόμενος
755 1557 903 1642 τούτων,
935 1553 1045 1640 ήπάτα
1067 1551 1148 1635 τοῦς
1168 1556 1263 1620 δικα-

308 1652 403 1745 στάς,
424 1661 490 1719 νῦν
507 1655 707 1737 ἐξελέγχεται
722 1650 868 1738 ψευδή”
848 1677 946 1720 οντα·
968 1649 1006 1718 τὸ
1017 1651 1082 1736 γάρ
1100 1657 1267 1770 σῶματής

309 1748 495 1834 ἀνθρώπου
507 1777 548 1817 ου
538 1747 956 1842 ’τολμᾷιπαραδοῦναιᾎ
936 1777 954 1817 ο
972 1747 1263 1836 μεμαρτυρήκασιν
1272 1770 1310 1824 ιιι

309 1846 414 1916 αὐτὸν
432 1853 561 1917 ἐθέλειν
578 1851 806 1933 παραδοῦναι,
827 1847 912 1917 ἀλλά
929 1856 1057 1935 μᾶλλον
1079 1847 1264 1936 προῄρηται

309 1943 669 2032 τὸνάδελφδνκαλτὸν
686 1944 850 2034 κηδεστήν
866 1952 1163 2035 ψευδομαρτυριῶν
1174 1944 1264 2032 ἀγω-

309 2049 457 2126 νίζεσθαι
473 2040 715 2132 ήπαραδοῦναι
725 2045 871 2134 τδσωμα
881 2055 939 2135 τῆς
950 2045 1135 2132 ἀνθρώπου
1146 2048 1202 2115 καλ
1213 2050 1265 2114 δι-

310 2150 410 2223 καίως
420 2141 646 2231 ἀπηλλάχθαι,
658 2149 714 2213 καί
724 2144 768 2233 μή
781 2146 836 2214 διά
847 2150 958 2232 λόγων
968 2148 1023 2214 καί
1034 2146 1193 2232 δεήσεως,
1204 2142 1265 2213 ἐάν

269 2262 302 2315 1ο
312 2243 478 2312 δύνωνται
489 2244 749 2331 ἐξαπατήσαντες
766 2243 853 2333 ὑμᾶς
864 2243 1086 2330 ἀποφεύγειν,
1108 2242 1266 2337 πολλάκις

312 2345 393 2430 ἐμοῦ
403 2351 696 2431 προκαλεσαμένου
703 2347 757 2414 καὶ
767 2346 995 2433 ἐξαιτήσαντος
1002 2343 1063 2430 την
1070 2341 1265 2427 ἄνθρωπον,

311 2445 366 2510 καί
376 2443 449 2511 τότε
461 2440 632 2523 ἀξιοῦντος
640 2445 923 2532 παραλαμβάνειν,
930 2446 985 2512 καὶ
995 2439 1075 2530 μετά
1085 2440 1147 2528 τήν
1158 2447 1265 2529 δίκην,

311 2543 367 2609 καὶ
377 2539 431 2609 ὅτε
443 2544 585 2622 ἐξέτινον
596 2542 717 2630 αὐτοῖς,
730 2549 785 2613 καλ
796 2543 845 2631 ἐφ’
857 2537 881 2633 6
891 2541 954 2629 ἐγὼ
968 2548 1043 2631 δίκη
1053 2540 1114 2610 τὸν
1131 2541 1275 2627 Θεόφη·’

311 2665 376 2725 μον
387 2642 497 2709 διώκω
508 2650 565 2728 της
577 2649 701 2728 αἰκίας,
713 2647 770 2712 καί
783 2649 819 2711 ἐν
829 2651 869 2731 τῇ
882 2641 1053 2730 ἀνακρίσει
1063 2648 1131 2709 τῶν
1142 2644 1268 2723 ψευδο-

312 2748 518 2826 μαρτυριῶν·
552 2744 607 2809 καλ
629 2741 757 2809 τούτων
784 2740 826 2811 οῦ
848 2744 1162 2829 προσποιουμένων,
1184 2735 1268 2806 ἀλλ-ά

312 2839 400 2929 λόγῳ
412 2839 474 2925 μὲν
482 2839 745 2925 μαρτυρούντων
754 2838 794 2908 τά
807 2846 924 2928 ψευδῆ,
932 2847 1017 2929 ἔργῳ
1028 2841 1064 2907 δὲ
1073 2836 1115 2908 οῦ
1125 2841 1268 2925 παραδι-

314 2937 444 3005 δόντων
459 2934 522 3022 την
539 2935 739 3023 ἀνθρωπον·
763 2933 802 3008 εὖ
813 2942 876 3026 γὰρ
894 2939 1019 3029 ᾔδεσαν
1030 2938 1081 3008 ὅτι
1091 2942 1269 3026 βασανιζο-

314 3039 414 3123 μένης
424 3031 526 3122 αῦτής
537 3039 829 3124 ἐξελεγχθήσονται
839 3038 1042 3121 ἀδικοῦντες,
1056 3034 1119 3105 οῦκ
1131 3033 1270 3104 ἀδικοῦ-

315 3159 418 3220 μενοι.
442 3131 485 3214 ὡς
496 3135 531 3204 δὲ
542 3138 646 3204 ταῦτα
657 3135 769 3225 ἀληθῆ
780 3141 877 3225 λέγω,
885 3138 1014 3206 τούτων
1025 3134 1104 3222 ὑμῖν
1114 3133 1270 3221 ἀναγνω-

316 3255 406 3300 σεται
415 3234 474 3314 τάς
485 3243 675 3324 μαρτυρίας.

665 3397 927 3460 MAPTYPIAI.

273 3546 306 3598 11
392 3521 464 3592 Ὅτι
474 3526 535 3611 μὲν
545 3534 661 3597 τοίνυν
673 3530 832 3608 πολλάκις
842 3532 1120 3619 προκαλεσαμένῳ
1132 3532 1188 3596 καλ
1201 3524 1271 3607 ἀξι-
1307 3614 1309 3621 y

264 3691 266 3696 .
317 3632 411 3694 οῦντι
421 3635 622 3714 παραλαβεῖν
633 3630 695 3717 τήν
703 3629 888 3717 ἀνθρωπον
897 3626 1005 3708 οὐδεὶς
1014 3632 1205 3713 παρεδίδου,
1212 3651 1274 3713 με·

317 3723 522 3813 μαρτῦρηται
538 3722 626 3813 ὑμῖν.
659 3732 715 3796 ἵνα
733 3731 769 3795 δὲ
785 3729 841 3795 καὶ
857 3731 893 3796 ἐκ
904 3736 1090 3815 τεκμηρίων
1101 3732 1208 3813 είδήτε
1219 3724 1272 3794 ὅτι
