3159 4409
613 520 723 582 m
738 519 925 584 ΤΙΚΟΣ.
1183 522 1248 592 337

298 684 476 770 κραμένην.
511 688 617 751 καίτοι
634 680 719 760 τινὲς
734 677 797 768 ἤδη
808 678 917 748 παῖδά
930 680 1084 768 εύτυχίαν
1094 690 1246 773 πραγμά-

297 806 366 848 των
380 781 638 865 γυμνασθέντες
651 779 925 866 ἐθαυμάσθησαν.
956 783 1009 848 σοὶ
1030 779 1067 848 δὲ
1087 785 1245 870 προσήκει

296 877 425 945 τούτων
435 877 497 963 μὲν
510 889 746 962 καταφρονεῖν,
768 885 894 946 σαυτοῦ
905 875 936 945 δ’
951 881 1135 965 ἐπιμέλειαν
1143 885 1245 965 ἔχειν·

297 971 340 1042 ού
360 971 423 1059 γάρ
441 972 719 1060 αὐτοσχεδιάζειν,
738 967 816 1043 ’ἀλλ’
834 974 1034 1044 ἐπίστασθαί
1045 997 1083 1044 σε
1100 981 1150 1045 δεῖ
1171 981 1245 1066 περὶ
1336 1036 1341 1047 ,

296 1080 365 1139 τοῖν
375 1079 546 1158 μεγίστων,
559 1068 630 1139 οὐδ’
643 1075 693 1140 ἐπὶ
704 1079 772 1140 των
781 1082 909 1157 καιρῶν
915 1082 1065 1162 μελετᾶν,
1077 1074 1145 1144 ἀλλ’
1154 1074 1245 1161 ἀγω-

249 1186 287 1240 44
296 1174 443 1250 νίζεσθαι
458 1175 567 1248 καλῶς
583 1172 784 1238 ἐπίστασθαι.
818 1171 928 1257 νόμιζε
940 1172 976 1239 δὲ
986 1180 1097 1241 πᾶσαν
1108 1174 1170 1259 μὲν
1180 1171 1243 1260 τὴν

295 1273 498 1354 φιλοσοφίαν
508 1268 633 1354 μεγάλα
643 1265 722 1347 τούς
731 1273 920 1355 χρωμένους
931 1268 1086 1357 ἀφελεῖν,
1109 1271 1242 1340 κολύδὲ

294 1365 433 1452 μάλιστα
448 1363 510 1450 τὴν
526 1368 600 1451 περὶ
613 1364 671 1444 τὰς
688 1366 823 1452 πράξεις
832 1369 887 1435 καὶ
897 1365 975 1446 τούς
985 1367 1173 1448 πολιτικούς
1183 1369 1242 1436 λύ-

292 1490 373 1551 γους
383 1462 570 1550 ἐπιστήμην.
591 1471 648 1550 τῆς
658 1462 722 1549 γάρ
732 1470 930 1550 γεωμετρίας
939 1467 995 1534 καὶ
1005 1474 1062 1552 τῆς
1072 1465 1173 1551 ἀλλης
1183 1473 1242 1552 τῆς

292 1563 445 1648 τοιαύτης
461 1566 607 1640 παιδείας
624 1559 765 1647 ἀπείρως
778 1563 842 1647 μὲν
859 1568 944 1648 ἔχειν
962 1561 1116 1649 αἰσχρὸν,
1137 1562 1241 1650 ἀκρον

292 1661 328 1728 δὲ
339 1659 526 1746 ἀγωνιστὴν
535 1661 693 1743 γενέσθαι
701 1659 937 1742 ταπεινότερον
945 1669 1004 1750 τῆς
1013 1669 1073 1749 σῆς
1083 1660 1187 1742 ἀξίας·
1202 1665 1241 1730 ἐν

289 1762 399 1846 ἐκείνη
410 1757 446 1825 δὲ
455 1755 492 1824 τδ
505 1756 565 1843 μὲν
576 1760 755 1842 διενεγκεῖν
766 1756 926 1845 ζηλωτὸν,
937 1755 975 1826 τδ
987 1757 1020 1827 δ’
1032 1758 1172 1846 ἀμοιρον
1182 1785 1239 1845 γε·

244 1876 279 1932 45
289 1860 409 1925 υέσθαι
420 1863 588 1935 παντελῶς
597 1858 848 1941 καταγέλαστον.
864 1864 979 1944 γνοίης
990 1854 1018 1925 δ’
1030 1853 1074 1924 ἀν
1084 1860 1117 1937 ἐξ
1128 1856 1238 1926 ἀλλων

288 1982 323 2024 τε
341 1962 476 2025 πολλῶν
492 1957 547 2022 καὶ
564 1956 828 2040 παραθεωρήσας
842 1954 921 2034 τούς
931 1955 995 2042 πρὸ
1007 1961 1133 2022 σαυτοῦ
1142 1981 1237 2040 γεγε·
1314 1944 1318 1955 ’

288 2056 451 2140 υημένους
467 2052 622 2132 ἐνδόξους
638 2050 771 2134 ἀνδρας.
803 2058 903 2120 τούτο
921 2052 983 2138 μὲν
997 2056 1159 2135 Περικλέα
1177 2050 1236 2120 τόν

289 2156 419 2219 συνέσει
434 2158 589 2218 πλεῖστον
606 2157 676 2218 τοῖν
692 2147 774 2217 καθ’
788 2145 893 2217 αύιδν
903 2153 1084 2233 διενεγκεῖν
1095 2151 1236 2229 δόξαντα

289 2251 424 2319 πάντων
441 2247 578 2317 ἀκούσει
595 2248 821 2333 πλησιάσαντα
828 2245 1030 2330 Ἀναξαγόρᾳ
1049 2253 1096 2332 τῷ
1108 2252 1235 2326 Κλαζο-

288 2354 390 2437 μενίφ
402 2350 457 2414 καί
468 2342 623 2432 μαθητήν
643 2346 773 2410 ἐκείνου
783 2336 966 2428 γενόμενον
977 2341 1096 2427 ταύτης
1106 2351 1163 2427 τῆς
1174 2348 1235 2409 δυ-

287 2448 416 2531 νάμεως
436 2441 654 2530 μετασχόντα·
684 2448 781 2507 τοῦτο
804 2437 835 2506 δ’
855 2437 1065 2525 Ἀλκιβιάδην
1085 2437 1235 2525 εὑρήσεις

287 2545 387 2632 φύσει
397 2542 458 2632 μὲν
468 2539 551 2627 πρδς
563 2537 686 2624 ἀρετὴν
696 2543 809 2630 πολλῷ
817 2551 928 2624 χεῖρον
939 2541 1163 2623 διακείμενον,
1179 2541 1234 2604 καὶ

286 2641 326 2710 τά
337 2642 398 2728 μὲν
408 2638 647 2725 ὑπερηφάνως,
658 2635 698 2705 τά
709 2641 745 2704 δὲ
755 2643 932 2721 ταπεινοῖς,
944 2632 984 2702 κά
995 2634 1027 2702 δ’
1039 2633 1233 2721 ύκεράκρως
1242 2647 1309 2698 1415

285 2742 595 2828 ζηνπροηρημέυον,
603 2734 667 2803 ἀπὸ
677 2733 985 2821 δὲτῆςΣωκράτους
993 2729 1119 2818 ὁμιλίας
1128 2730 1233 2800 πολλὰ

284 2839 711 2924 μὲνέπανορθωθέντατού
720 2840 814 2920 βίου,
836 2831 923 2900 τάδε
934 2828 1088 2921 λοιπάτῷ
1100 2832 1233 2916 μεγέθει

240 2942 353 3008 εστων
364 2932 474 3001 αλλων
483 2939 590 3020 ἔργων
600 2931 879 3017 ἐπικρυυαμευον
909 2935 940 2997 εί
926 2930 984 2997 ίδδ
997 2932 1049 2995 δελ
1056 2954 1100 3016 μη
1089 2927 1233 2995 παλαια

284 3033 441 3115 λέγοντας
453 3035 649 3117 διατρίβειν,
669 3035 802 3115 ἔχοντας
817 3026 1065 3113 ύπογυιοτέροις
1075 3030 1233 3109 παραδεί-
1241 3025 1247 3040 ’

283 3147 385 3216 γμασι
395 3133 556 3213 χρησθαι,
567 3134 666 3194 τούτο
679 3127 742 3213 μὲν
755 3127 922 3212 Τιμόθεον
934 3123 996 3192 ούκ
1007 3115 1079 3202 ἐξ
1051 3148 1100 3190 ων
1110 3123 1232 3190 νεύτε-

283 3253 341 3311 ρος
358 3252 408 3294 ων
418 3224 650 3311 ἐπετηδευσευ,
671 3223 745 3297 ἀλλ’
757 3217 1231 3309 ίξωυΊσοκράτεισυνδιατρί-

282 3340 346 3406 ψας
356 3327 490 3412 ἔπραξε,
511 3329 663 3410 μεγίστης
673 3325 770 3411 δόξης
779 3324 833 3392 καλ
845 3328 1007 3390 πλείστων
1016 3344 1120 3406 τιμων
1131 3347 1231 3410 ευρη-

283 3442 351 3501 σεις
367 3420 565 3502 ἀξιωθέντα·
586 3430 685 3490 τούτο
706 3423 742 3490 δε
755 3420 916 3506 Ἀρχύταν
936 3418 999 3506 τὴν
1017 3427 1230 3503 Ταραντίνων

282 3522 379 3588 πόλιν
395 3520 483 3588 οὕτω
498 3527 605 3599 καλῶς
619 3522 674 3588 καὶ
686 3519 933 3606 φιλανθρώπως
944 3515 1155 3602 διοικήσαντα
1165 3518 1230 3586 κύ-

281 3643 358 3702 ριον
375 3615 474 3703 αὐτῆς
491 3620 697 3686 καταστάντα
715 3617 782 3686 ω’στ
786 3615 893 3696 ἐίς”
871 3631 1017 3694 απαντας
1026 3641 1089 3702 την
1098 3619 1228 3684 ἐκεινου

279 3714 415 3863 μνιημην
431 3712 664 3870 ἵιεηεγκῆξΝ
646 3742 688 3795 ος
699 3720 736 3784 ἐν
752 3714 836 3803 ἀρχῇ
856 3714 1171 3802 καταφρονούμενος
1191 3715 1229 3780 ἐκ

349 3820 431 3862 emm
