3159 4409
337 500 401 566 ³42
591 501 1036 582 [ΔΗιιοΣοωΝοοΣ]

339 668 446 750 σιωπῇ
460 669 587 748 μᾶλλον
607 661 651 730 ἂν
661 666 758 729 δοῖεν.
793 659 877 729 άλλά
888 669 1004 748 βελτίω
1015 660 1110 730 ταῦτ’
1122 661 1282 732 εἶναιτῶν

339 762 459 847 ἑτέρων
474 758 692 847 ῦπειλὴφατε;
713 766 852 847 βελτίων
868 759 933 845 ἄρα
948 757 1029 845 ὑμῖν
1044 758 1216 846 ὀλιγαρχία
1227 767 1283 848 δη-
1309 759 1312 764 ’

339 865 520 945 μοιιρατίας
532 866 692 945 φαίνεται.
723 855 799 927 ἀλλ’
811 856 934 937 αὐτοῦς
944 857 1028 926 εἶναι
1036 865 1188 946 βελτίους
1197 857 1284 946 ἡγεί-

339 967 419 1035 σθες
440 959 496 1024 καί
512 964 561 1035 τίς
580 952 623 1023 άν
641 953 704 1042 ὑφ’
719 953 816 1042 ῦμῦν
830 957 1142 1043 χρηστόςνομιζοιτο
1153 960 1284 1037 εἰκότως

340 1059 472 1123 ἐναντία
486 1065 528 1142 τῇ
543 1055 739 1142 καθεστώσῃ
755 1063 903 1143 πολιτείᾳ
923 1060 1138 1142 δημηγορῦνς
1161 1054 1284 1124 οῦκοῦν

340 1152 460 1222 λοιπὸν
475 1152 677 1240 ἁμαρτάνειν
689 1152 791 1240 ὑμᾶς,
814 1153 896 1221 ὅταν
906 1152 1012 1232 οῦτως
1022 1159 1114 1240 ἔχητε
1124 1151 1189 1240 τὴν
1199 1155 1284 1239 γνά-

340 1278 415 1339 μην.
446 1259 544 1320 τοῦτο
556 1259 673 1321 τοίνυν
684 1252 892 1338 φυλάττεσθε
903 1249 946 1337 μὴ
959 1250 1112 1337 πάσχειν,
1125 1244 1154 1318 οἶ
1167 1251 1284 1335 ἄνδρες

336 1350 521 1438 Ἀθηναῖοι,
549 1351 639 1431 ὅπως
654 1351 700 1439 μή
718 1376 797 1418 ποτε
817 1364 885 1428 τοῖς
905 1348 1160 1436 ἐπιβουλεύουσι
1180 1348 1284 1437 λαβὴν

340 1450 472 1535 δάσετε,
482 1448 551 1517 εἶτα
560 1451 635 1519 τότε
645 1451 851 1535 αἰσθήσεσθε
863 1446 1094 1535 ἡμαρτηκότες,
1105 1445 1207 1535 ἡνίκα
1218 1446 1282 1516 οῦδ

340 1545 455 1615 ὁτιοῦν
466 1545 548 1633 ῦμῖυ
557 1552 657 1616 πλέον
668 1553 766 1614 ἔσται.
798 1545 835 1614 τὸ
847 1549 909 1632 μὲν
918 1539 997 1631 οὖν,
1019 1539 1048 1613 ά
1057 1546 1180 1633 ἄνδρες
1187 1547 1291 1634 Ἀθη,

340 1661 443 1731 ναῖοι,
464 1645 508 1733 μὴ
528 1645 634 1715 πάνθ’
653 1645 698 1726 ὡς
713 1642 759 1714 άν
773 1643 866 1732 ἡμεῖς
881 1651 1088 1731 βουλοίμεθα
1104 1651 1193 1731 ἔχειν
1210 1648 1283 1733 μήτε

341 1741 419 1825 παρ’
438 1743 551 1822 αὐτοῖς
564 1741 643 1830 ἡμῖν
658 1746 739 1831 μήτε
757 1741 846 1829 παρά
866 1758 934 1822 τοῖς
945 1745 1127 1829 συμμάχοις
1138 1754 1220 1824 ἴσως
1230 1743 1283 1813 οῦ-

342 1842 399 1908 δέν
415 1843 483 1908 ἐστι
500 1843 712 1928 θαυμαστόν·
733 1849 867 1909 πολλῶν
883 1841 948 1926 γάρ
960 1839 997 1907 τὸ
1008 1842 1177 1928 τῆςτῦχης
1188 1840 1283 1910 αῦτό·

340 1961 445 2022 ματον
462 1950 588 2023 κρατεῖ,
614 1941 669 2007 καὶ
691 1942 810 2006 πολλαὶ
831 1940 1012 2024 προφάσεις
1032 1948 1093 2006 τοῦ
1113 1939 1159 2028 μὴ
1180 1941 1283 2009 πάντα

339 2033 423 2101 κατά
435 2034 574 2120 γνώμην
583 2043 779 2122 συμβαίνειν
789 2035 983 2119 άνθράποις
993 2030 1077 2105 οὖσι.
1106 2037 1148 2106 ’τό
1163 2040 1200 2108 δὲ
1210 2036 1281 2125 μηδ’

311 2144 315 2157 “
340 2130 455 2200 ὁτιοῦν
464 2135 727 2220 μεταλαμβάνειν
736 2135 796 2202 τὸν
804 2139 921 2220 δῆμον,
933 2133 1016 2203 άλλά
1023 2134 1102 2214 τοῦς
1109 2135 1283 2221 άντιπράτ-

339 2257 457 2310 τουτας
465 2246 634 2318 περιεῖναι,
641 2239 739 2300 τοῦτο
748 2235 803 2301 καί
812 2226 1182 2322 θαυμαστὰν,άάνδρες
1191 2235 1283 2321 Ἀθη-

343 2344 445 2417 ναῖοι,
468 2325 811 2417 καὶφοβερόντοῖςεῦ
822 2339 1024 2417 φρονοῦσιν,
1044 2331 1088 2411 ὡς
1098 2331 1164 2417 ἐγώ
1175 2340 1281 2416 κρίνω.

339 2425 359 2514 ἡ
372 2432 432 2514 μὲν
443 2422 507 2498 οὖν
518 2428 601 2516 άρχὴ
613 2431 738 2510 παντός
749 2433 838 2498 ἐστιν
852 2427 934 2514 αῦτη
947 2455 1003 2515 μοι
1013 2437 1075 2497 τοῦ
1085 2434 1200 2515 λόγου.

407 2613 507 2695 ιἈντί
518 2637 650 2696 πολλῶν
662 2624 722 2713 άν,
735 2621 891 2711 άάνδρες
900 2624 1083 2713 Ἀθηναῖοι,
1100 2629 1282 2716 χρημάτων,

340 2729 370 2792 εί
385 2722 536 2812 φανερὸν
552 2731 680 2811 γένοιτο
697 2724 734 2793 τὰ
753 2731 874 2812 μέλλον
884 2731 1051 2793 συνοίσειν
1062 2723 1143 2813 ὑμῖν
1154 2731 1230 2815 περὶ
1242 2720 1283 2795 άν

339 2826 417 2892 νυνί
433 2825 610 2910 τυγχάνετε
627 2833 845 2909 σκοποῦντες,
867 2823 958 2909 οἶμαι
972 2825 1098 2904 πάντας
1114 2823 1204 2912 ῦμάς
1219 2829 1285 2896 ε’λέ-

340 2931 430 2990 σθαι.
458 2920 512 2989 ὅτε
522 2930 638 2990 τοίνυν
646 2921 745 2991 τοῦθ’
759 2923 866 3002 οῦτως
876 2930 955 3010 ἔχει,
967 2922 1124 3011 προσὴκει
1135 2932 1285 3013 παρέχειν

339 3023 515 3098 ἐθέλοντας
527 3017 662 3088 άκοῦειν
672 3018 758 3107 ῦμάς
769 3021 891 3100 αῦτοῦς
900 3030 967 3089 τοῖν
976 3025 1194 3109 βουλομένων
1205 3047 1283 3112 συμ

338 3119 539 3202 βουλεύειν,
556 3117 598 3187 οῦ
614 3118 679 3206 γάρ
696 3121 803 3205 μόνον
819 3131 853 3190 εί
870 3149 901 3192 τι
921 3121 1081 3206 χρήσιμον
1092 3124 1285 3208 ἐσκεμμένος

337 3213 412 3298 ἡκει
421 3242 486 3304 τις,
508 3216 600 3286 τοῦτ’
621 3215 664 3285 άυ
681 3217 882 3298 άκοῦσανιες
898 3220 1045 3306 λάβοιτε,
1067 3218 1152 3288 άλλά
1166 3226 1286 3308 καὶτῆς

339 3309 497 3400 ὑμετέρας
511 3315 610 3403 τύχης
627 3314 854 3405 ὑπολαμβάνω
871 3319 976 3397 πολλὰ
994 3327 1063 3387 τοῖν
1084 3319 1234 3390 δεόντων
1253 3324 1285 3390 ἐκ

339 3419 400 3474 τοῦ
419 3425 615 3503 παραχρῆμα
640 3420 738 3496 ἐνίοις
761 3419 915 3486 ἐπελθεῖν
939 3414 983 3486 άν
1008 3417 1128 3500 εἰπεῖν,
1156 3417 1286 3500 ῦστῗέξ

340 3502 496 3578 ἁπάντων
516 3517 636 3602 ῥᾳδίαν
655 3512 718 3601 τὴν
738 3522 800 3582 τοῦ
821 3519 1048 3618 συμφέροντος
1064 3513 1146 3602 ῦμϊν
1160 3522 1286 3605 αἵρεσιν
1293 3514 1329 3572 1⁴²

339 3610 522 3691 γίγνεσθαι.
