3159 4409
536 492 678 553 ΠΡΟΣ
706 492 1026 556 ΦΑΙΝΙΠΗΟΝ.
1211 499 1252 562 19

302 655 429 739 ἐλέγξω.
461 655 545 740 λαβέ
554 678 624 739 μοι,
647 661 851 738 γραμματεῦ,
863 652 925 740 την
935 663 996 723 τοῦ
1005 661 1252 728 Αίαντίδονκαλ

304 754 484 829 Θεοτέλους
501 758 702 837 μαρτυρίαν,
724 746 773 829 οἷς
790 743 888 831 οὗτος
904 750 1135 841 ἀπογέγραφεν
1155 757 1252 845 ὀφεί-

304 846 402 917 λονθ’
423 847 527 918 αὑτόν
543 858 799 936 τετρακισχιλίας
817 849 963 936 δραχμάς
979 855 1182 940 ψευδόμενος
1196 859 1252 925 καὶ

302 948 404 1015 πάλαι
426 946 661 1033 ἀποδεδωκώς,
685 946 745 1034 οὐχ
767 946 870 1035 ἑκῶν,
898 948 981 1019 ἀλλά
1008 957 1104 1040 δίκην
1125 953 1250 1041 όφλῶν.

301 1048 341 1115 λε’
360 1072 385 1114 ε.

338 1073 358 1133 γ
655 1138 894 1201 ΜΑΡΤΤΡΙΑ.

257 1261 293 1313 30
376 1245 512 1335 ’Ἐπειτ’,
532 1239 865 1339 ῶάνδρεςδικασταλ,
883 1246 943 1317 τόν
953 1248 1041 1316 οὕτω
1053 1258 1250 1334 καταφανῶς

301 1351 338 1415 ἐν
349 1345 472 1415 ἅπασιν
483 1344 605 1424 ἀδίκως
613 1349 834 1433 πεποιημένον
843 1346 904 1433 τὴν
912 1346 1094 1434 ἀπόφασιν,
1105 1351 1159 1416 καλ
1170 1348 1250 1436 μήτε

300 1451 369 1512 τῶν
386 1446 499 1533 νόμων
517 1450 745 1530 φροντίσαντα
756 1445 875 1531 μηδὲν,
900 1451 933 1512 ολ
947 1451 1137 1529 διωρίκασιν
1154 1442 1250 1527 ἐναλς

301 1548 352 1611 δεῖ
366 1544 427 1630 τὴν
446 1543 800 1633 ἀπόφασινιποιεϊσθαι
815 1543 962 1628 χρόνοις,
983 1543 1063 1628 μήτε
1078 1551 1145 1612 τῶν
1156 1548 1250 1612 ἰδίων

300 1640 502 1728 ὁμολογιῶν,
515 1639 553 1719 ἀς
565 1637 684 1726 ὁμοίως
695 1639 975 1728 ὑπολαμβάνομεν
986 1644 1138 1729 ίσχνράς,
1150 1646 1249 1730 χωρλς

298 1745 335 1809 δὲ
353 1738 481 1808 τούτων
494 1736 661 1826 ἀνεῳχότα
671 1737 710 1805 τά
723 1753 839 1826 σημεία
849 1746 917 1807 τῶν
927 1739 1114 1826 οἰκημάτων
1125 1744 1180 1809 καὶ
1191 1744 1249 1810 ἐκ·

297 1839 511 1926 πεφορηκότα
526 1837 586 1907 τόν
596 1852 688 1906 σῖτον
699 1839 754 1906 καὶ
764 1838 825 1907 τόν
835 1837 928 1906 οἶνον
937 1843 1093 1924 ἔνδοθεν,
1115 1837 1198 1924 πρὸς
1210 1841 1247 1910 δὲ

294 1938 425 2016 τούτοις
437 1935 498 2023 τὴν
509 1926 595 2022 ὕλην
604 1936 667 2023 την
677 1937 880 2022 τετμημένην
891 1934 1080 2033 πεπρακότα
1092 1933 1172 2020 μετὰ
1183 1934 1245 2022 τὴν

278 2034 481 2120 ἀντίδοσιν,
503 2030 823 2120 πλέονῆτριάκοντα
833 2041 928 2120 μνῶν
939 2027 1046 2102 οὖσαν
1057 2033 1167 2119 ἀξίαν,
1189 2038 1244 2104 καλ

293 2133 330 2203 τό
349 2134 483 2201 πάντων
501 2135 671 2220 μέγιστον,
692 2136 771 2218 χρέα
788 2137 897 2219 ψευδῆ
912 2134 1175 2202 κατεσκευακότα
1186 2142 1243 2220 τῆς

294 2230 491 2310 ἀντιδόσεως
502 2235 616 2319 ἕνεκα,
637 2240 758 2302 τοῦτον
769 2237 904 2311 δικαίως
913 2243 1093 2320 ψηφιεῖσθε
1105 2241 1243 2319 πεποιῆ-

250 2349 284 2402 31
294 2342 375 2400 σθαι
386 2329 447 2417 τὴν
458 2329 643 2417 ἀπόφασιν;
653 2335 826 2416 μηδαμῶς,
841 2323 996 2415 ῶάνδρες
1007 2335 1165 2400 δικασταί.
1186 2344 1245 2398 ποῖ

270 2474 274 2482 =
293 2429 358 2517 γάρ
370 2434 552 2513 τραπέσθαι
566 2428 676 2513 δεήσει
687 2428 909 2517 διαμαρτόντα
920 2435 977 2512 τῆς
987 2425 1145 2516 ὑμετέρας
1153 2430 1242 2514 γνῶ-

293 2557 371 2617 μης,
395 2527 478 2596 όταν
495 2532 530 2597 οί
543 2527 698 2594 πλούσιοι
712 2527 766 2592 καλ
783 2524 886 2612 μηδὲν
896 2521 976 2610 ὑμῖν
986 2523 1118 2592 πῶποτε
1128 2525 1243 2612 χρήσο-

292 2639 349 2716 μοι
359 2630 587 2715 γεγενημένοι,
611 2621 785 2694 καλόνκαὶ
797 2624 955 2691 σίτονκαλ
966 2621 1060 2692 οἶνον
1071 2632 1243 2704 ποιοῦντες

292 2730 348 2797 καὶ
364 2735 484 2796 τοῦτον
494 2732 686 2813 τριπλασίας
695 2731 788 2809 τιμῆς
799 2717 822 2809 ἢ
834 2721 997 2808 πρότερον
1008 2725 1240 2808 διατιθέμενοι,

291 2833 512 2896 πλεονεκτῶσι
522 2821 599 2908 παρ’
614 2819 708 2908 ἀμίας
719 2819 737 2890 ὃ
747 2826 904 2908 μηδαμῶς
914 2822 990 2888 νννλ
1001 2824 1162 2905 γενέσθω,
1173 2817 1241 2889 ἀλλ’

292 2924 403 3009 ῶσπερ
418 2926 473 2991 καὶ
489 2929 584 3009 κοινῇ
603 2929 683 2988 πῶσι
693 2920 921 3007 βεβοηθήκατε
931 2934 998 3000 τοῖς
1009 2925 1123 2998 ἐντοῖς
1134 2924 1243 3004 ἔργοις

246 3042 280 3096 32
291 3025 534 3108 ἐργαζομένοις,
558 3018 645 3087 οὕτω
663 3021 718 3087 καὶ
735 3024 801 3107 ἰδίᾳ
812 3020 1003 3106 βοηθήσατέ
1010 3047 1066 3105 μοι
1075 3026 1152 3086 νῦν.
1182 3018 1240 3087 καὶ

289 3118 355 3207 γάρ
374 3126 405 3188 εί
415 3122 539 3205 οἰκέτης
549 3115 661 3204 ὑμῶν,
683 3116 727 3204 μὴ
740 3125 873 3205 πολίτης
883 3112 944 3206 ἦν,
965 3115 1108 3205 ὁρῶντες
1119 3115 1163 3184 ἀν
1172 3113 1315 3204 μσνῙθῧ9

288 3217 351 3306 την
361 3223 535 3304 φιλεργίαν
542 3220 596 3285 καὶ
605 3214 666 3303 την
677 3224 723 3296 εἰς
734 3214 818 3303 ὑμᾶς
830 3217 975 3303 εὔνοιαν,
988 3213 1185 3285 ἀνεπαύσατ’
1195 3217 1239 3286 ἀν

288 3345 329 3404 με
339 3325 408 3385 τῶν
420 3314 645 3402 ἀναλωμάτων
656 3317 709 3397 καὶ
719 3319 771 3385 ἐπὶ
781 3315 841 3385 τόν
851 3313 1239 3400 δραπετεύοντατῶνάλ-
1278 3334 1282 3339 “

287 3425 358 3484 λων
366 3415 497 3501 ἤλθετε.
518 3412 578 3483 τόν
588 3413 825 3500 αὐτὸντρόπον
834 3417 889 3483 καὶ
897 3422 971 3500 νῦν,
980 3412 1113 3481 ἐπειδᾶν
1123 3413 1239 3484 ἀποτί-

286 3535 335 3582 σω
344 3508 911 3599 τάτρίατάλανθ’όμίνἀῶφλονκαλ
920 3510 1075 3600 ἀναλάβω
1083 3512 1237 3600 ἐμαυτόν,

286 3614 388 3683 πάλιν
412 3611 665 3692 ἀνακαύσαντες
681 3610 1102 3698 τῶντεταλαιπωρηκότων
1122 3613 1237 3696 ἕτερον

285 3708 339 3779 ἐπ’
363 3713 418 3799 ἐμὲ
439 3711 546 3799 ἥξετε·
568 3720 634 3781 νῶν
653 3711 687 3780 δ’
705 3710 823 3798 ἀφετε,
846 3710 981 3780 ίκετεάω
998 3710 1124 3861 πάἷχας
1139 3706 1236 3794 ὑμᾶς,
