3159 4409
521 472 661 534 111202
680 470 1003 556 ιιΑΛΛιιιΛοΑ.
1175 475 1239 541 213

375 631 447 701 Ούκ
458 625 503 720 ήν
517 631 578 718 ἄρ’,
587 622 741 716 ῶ’ύνδρες
752 629 931 719 Ἀθηναῖοι,
940 635 1166 720 χαλεπώτερον
1177 634 1238 705 ού-
1246 657 1314 712 127ῖ

287 731 345 800 δέν
358 726 539 817 ήγείτονος
555 736 706 817 πονηροῦ
723 730 782 799 καί
790 734 993 800 πλεονέκτου
1003 747 1131 817 τυχεῖν,
1153 733 1235 821 ὅπερ

286 832 359 916 ἐμοὶ
372 833 449 897 νυνὶ
467 831 685 915 συμβέβηκεν.
717 828 927 915 ἐπιθυμήσας
942 829 1007 914 γὰρ
1023 836 1091 897 τῶν
1107 837 1237 916 χωρίων

285 954 352 1014 μου
363 934 550 1015 Καλλικλῆς
560 925 649 995 οῦτω
661 930 846 995 διατέθεικέ
854 954 895 1050 με
912 936 1135 1014 συκοφαντῶν
1152 927 1236 997 ῶστε

288 1035 421 1113 πρῶτον
442 1025 558 1112 μέν
523 1052 583 1094 τον
606 1022 748 1107 ἀνεψιὸν
771 1023 831 1094 τὸν
853 1027 973 1093 ἑαυτοῦ
995 1026 1237 1095 κατεσκεύασεν

260 1124 507 1212 ηύμφισβητεῖν
517 1151 573 1211 μοι
584 1131 658 1193 τῶν
673 1130 813 1211 χωρίων,
825 1128 1023 1211 ἐξελεγχθεὶς
1035 1125 1070 1192 δὲ
1084 1135 1237 1211 φανερῶς
1268 1194 1270 1198 ,

245 1233 252 1249 “
267 1214 342 1292 καὶ
359 1229 615 1312 περιγενομένου
630 1251 697 1309 μου
714 1233 772 1310 τῆς
794 1222 923 1292 τούτων
940 1231 1122 1309 σκευωρίας
1138 1225 1238 1293 πάλιν

287 1325 350 1391 δύο
361 1328 452 1403 δίκας
462 1324 605 1412 ἐρήμους
622 1351 688 1411 μου
701 1320 1022 1411 κατεδιῃτήσατο,
987 1350 1049 1408 την
1060 1319 1179 1409 μέν’
1139 1324 1237 1402 αυτὸς

287 1429 401 1508 χιλίων
418 1427 589 1510 δραχμῶν,
612 1421 673 1509 τήν
691 1421 778 1491 δέ
744 1449 805 1489 του
823 1418 971 1507 ἀδελφὸν
982 1420 1114 1487 τουτονὶ
1125 1426 1237 1500 πείσας

286 1522 529 1607 Καλλικράτην.
567 1525 681 1606 δέομαι
697 1518 737 1606 δή
755 1519 892 1587 πάντων
909 1515 1002 1603 ῦμῶν
1020 1515 1163 1585 αἰκοῦσαί
1170 1544 1236 1604 μου

286 1624 342 1688 καλ
353 1627 524 1705 προσέχειν
537 1619 598 1688 τὸν
608 1627 703 1704 νοῦν,
716 1617 777 1704 ούχ
789 1614 832 1697 ῶς
844 1615 943 1696 αύτός
954 1615 1178 1702 δυνησόμενος
1189 1622 1236 1684 εί-

288 1731 379 1803 πεῖν,
400 1716 466 1785 ἀλλ’
479 1716 518 1785 ἵν’
532 1717 624 1804 ὑμεῖς
632 1721 665 1797 ἐξ
675 1715 787 1785 αὐτῶν
797 1725 865 1786 τῶν
876 1714 1078 1802 πραγμάτων
1087 1715 1235 1801 καταμύ-

286 1825 370 1902 θητε
381 1815 432 1884 ὅτι
443 1825 595 1903 φανερῶς
606 1824 889 1903 συκοφαντοῦμαι.

257 1936 275 1989 3
365 1913 422 1982 Ἔν
436 1915 498 2001 μὲν
513 1907 594 2000 οῦν,
613 1907 641 1983 a?
657 1913 777 2002 ἄνδρες
791 1912 978 2002 Ἀθηναῖοι,
991 1911 1076 1998 πρὸς
1087 1911 1234 1993 ἅπαντας

285 2014 364 2092 τοῦς
379 2013 509 2081 τούτων
526 2015 647 2101 λόγους
661 2018 845 2102 παρέχομαι
864 2020 1001 2103 δίκαιον.
1035 2011 1072 2082 τό
1091 2011 1156 2099 γὰρ
1166 2039 1233 2098 χω-

286 2120 360 2198 ρίον
370 2119 468 2179 τοῦτο
481 2113 770 2203 περιῳκοδόμησεν
786 2113 804 2183 ὁ
822 2113 929 2200 πατὴρ
941 2121 1063 2200 μικροῦ
1073 2117 1144 2180 δεῖν
1154 2115 1233 2198 πρὶν

286 2210 341 2295 ἐμὲ
352 2212 520 2295 γενέσθαι,
535 2216 653 2290 ζῶντος
664 2212 724 2297 μέν
735 2217 781 2279 ἔτι
791 2217 1023 2280 Καλλιππίδου
1033 2220 1094 2278 τοῦ
1104 2213 1233 2279 τούτων

285 2306 409 2394 πατρὸς
425 2310 482 2375 καὶ
493 2317 715 2395 γειτνιῶντος,
739 2307 775 2387 ὃς
791 2308 1026 2396 ἀκριβέστερον
1036 2308 1109 2396 ήδει
1125 2310 1233 2395 δήπου

284 2407 427 2493 τούτων,
449 2406 545 2484 ὄντος
557 2406 592 2474 δὲ
602 2407 826 2484 Καλλικλέους
842 2404 965 2489 ἀνδρὸς
978 2405 1041 2491 ήδη
1054 2408 1109 2472 καὶ
1119 2398 1233 2490 ἐπιδη-

285 2514 427 2592 μοῦντος
446 2500 640 2591 Ἀθήνησιν·
663 2507 699 2573 ἐν
717 2504 752 2571 δὲ
768 2503 899 2580 τούτοις
914 2517 983 2581 τοῖς
993 2506 1098 2569 ἔτεσιν
1109 2500 1232 2569 ἅπασιν

258 2602 351 2686 ηούέ
370 2607 521 2689 ἐγκαλῶν
537 2603 646 2682 ούδελς
663 2600 784 2688 πώποτ’
797 2595 904 2689 ήλῦεν
924 2599 1000 2668 οὔτε
1022 2599 1233 2685 μεμφόμενος

283 2711 402 2782 (καίτοι
420 2706 523 2788 δῆλον
547 2701 597 2769 ὅτι
619 2705 673 2769 καὶ
690 2699 763 2769 τύδ’
775 2700 881 2769 ῦδατα
897 2699 1055 2778 πολλάκις
1076 2701 1230 2786 ἐγένετο),

282 2798 350 2868 οὔτ’
365 2800 533 2868 ἐκώλυσεν
544 2802 575 2880 ἐξ
586 2798 704 2885 ἀρχῆς,
722 2809 813 2885 είπερ
824 2796 930 2886 ήδίκει
940 2802 1014 2867 τινα
1025 2802 1231 2883 περιοικοδο-
1241 2813 1308 2869 1273

283 2907 357 2983 μῶν
368 2896 386 2964 ὁ
399 2898 504 2986 πατὴρ
513 2897 550 2967 τὸ
561 2896 720 2986 ήμέτερον
728 2903 861 2984 χωρίον,
873 2894 941 2964 ἀλλ’
954 2895 1026 2965 οὐδ’
1043 2895 1231 2983 ἀπηγόρευ-

283 3017 344 3062 σεν
354 2993 432 3064 ούδὲ
444 2997 698 3082 διεμαρτύρατο,
721 2999 822 3064 πλέον
833 2992 927 3083 μὲνή
944 2991 1161 3064 πεντεκαίδεκ’
1176 2999 1230 3080 ἔτη

282 3093 484 3180 τοῦπατρὸς
501 3100 724 3182 ἐπιβιοῦντος,
749 3093 812 3163 ούκ
833 3096 954 3163 ἐλάττω
972 3096 1008 3164 δέ
1024 3102 1084 3162 τοῦ
1102 3094 1232 3161 τούτων

256 3191 406 3278 5πατρὸς
415 3198 653 3262 Καλλιππίδου.
686 3202 802 3279 καίτοι,
816 3186 843 3261 ού
853 3197 1062 3277 Καλλίκλεις,
1085 3194 1161 3277 ἐξῆν
1172 3190 1231 3278 δή·

283 3315 349 3359 που
360 3290 433 3360 τόθ’
447 3289 541 3380 ὑμῖν,
563 3291 689 3380 ὁρῶσιν
707 3291 1039 3378 ἀποικοδομουμένην
1055 3287 1117 3377 τήν
1126 3291 1230 3376 χαρά-

284 3395 382 3477 δραν,
401 3393 561 3459 ἐλθοῦσιν
572 3389 677 3471 εύθῦς
687 3392 884 3478 ύγανακτεῖν
894 3394 949 3458 καὶ
959 3393 1068 3474 λέγειν
1076 3388 1159 3479 πρὸς
1169 3388 1229 3458 τὸν

284 3492 407 3574 πατέρα
416 3487 596 3576 “Τισία,τί
602 3498 705 3559 ταῦτα
716 3505 836 3570 ποιεῖςς
858 3486 1087 3575 ἀποικοδομεῖς
1096 3487 1158 3575 τήν
1168 3514 1228 3572 χα-
1287 3481 1289 3484 ’

277 3583 443 3673 “ρα’δραν;
477 3585 529 3656 εἶτ’
543 3591 727 3675 ἐμπεσεῖται
750 3586 786 3656 τῦ
811 3586 904 3671 ῦδωρ
925 3593 970 3666 είς
991 3587 1027 3657 τῦ
1047 3595 1170 3674 χωρίον
1189 3583 1226 3650 τὸ

274 3681 483 3772 “ἡμέτερον,”
495 3684 534 3755 ἵν’
544 3694 574 3755 εί
582 3690 643 3773 μὲν
652 3686 807 3774 ἐβούλετο
814 3685 1021 3771 παύσασθαι,
1032 3686 1135 3772 μηδὲν
1148 3679 1227 3767 ύμῖν
