3159 4409
447 463 449 466 ’
507 502 649 564 ΠεοΣ
679 481 1074 566 66606111666)
1183 505 1246 571 241

296 663 527 748 διομνυμένων
541 659 717 746 Ἀθηναῖον
738 660 823 730 εἶναι
843 664 899 730 καὶ
922 673 1066 752 συγγενῆ
1085 666 1146 734 τὸν
1165 666 1247 755 ἐμὸν

296 765 419 846 πατέρα
442 755 566 838 αὑτοῖς·
600 751 650 826 ῶν
670 756 778 839 οὐδεὶς
800 760 925 847 δήπου,
954 764 1247 852 παραστησάμενος

295 857 377 937 τούς
388 863 644 958 συνεισομένους
654 857 745 948 αὑτῶ
754 885 795 926 τα
784 857 914 947 ψευδῆ
923 871 1164 982 μαρτυροῦντι,
1177 864 1244 934 κατ’

294 961 445 1038 ἐξωίειας
455 961 606 1041 έπιορκει
628 957 708 1044 λαβὲ
718 955 761 1044 δη
771 960 873 1027 666
836 984 894 1038 τας
903 986 971 1029 τῶν
982 985 1066 1048 προς
1077 988 1246 1047 γυναικῶν

295 1064 342 1145 τῷ
354 1057 451 1141 πατρὶ
462 1062 634 1141 συγγενῶν
644 1064 835 1141 μαρτυρίας.

647 1162 906 1224 MAPTYPIAI

250 1281 285 1336 ης
377 1259 422 1324 Οἱ
436 1255 497 1342 μὲν
514 1261 630 1322 τοίνυν
648 1260 765 1336 ζῶντες
785 1247 879 1322 οὗτοι
900 1260 969 1322 τῶν
989 1265 1164 1341 συγγενῶν
1184 1265 1246 1325 τοῦ

293 1353 416 1473 πατρὸς
434 1357 489 1423 666
500 1352 583 1456 πρὸς
594 1351 728 1439 άνδρῶν
739 1356 794 1421 και
804 1377 887 1439 προς
896 1378 1245 1441 γυναικωνμεμαρτν-

293 1453 434 1538 ρηκασιν
451 1450 494 1531 63
510 1457 554 1539 66
571 1449 995 1538 άμφοτέρωθενἈθηναίος
1010 1457 1066 1520 666
1075 1462 1245 1541 μετηντῇς
1346 1490 1350 1502 x

292 1551 418 1629 πόλεως
429 1550 518 1639 6666
504 1556 621 1618 δικαί
607 1558 678 1629 ί.ως
695 1550 788 1618 κάλει
799 1549 841 1636 66
852 1576 908 1635 μοι
917 1552 972 1618 666
980 1575 1059 1629 τους
1067 1576 1243 1638 φρατερας,

292 1655 402 1719 ἔπειτα
413 1675 491 1730 τους
501 1676 672 1736 γεννητας.

637 1755 887 1818 ΜΑΡΤΥΡΕΣ.

377 1851 467 1937 Λαβὲ
485 1847 526 1936 66
544 1851 598 1917 καὶ
614 1847 672 1927 τάς
689 1856 756 1916 τῶν
767 1852 919 1934 δημοτῶν
929 1855 1110 1935 μαρτυρίας
1120 1850 1175 1917 καὶ
1185 1846 1243 1928 τάς

288 1955 357 2015 τῶν
368 1955 540 2033 συγγενῶν
550 1948 624 2033 περὶ
634 1954 702 2016 τῶν
712 1951 897 2042 φρατέρων,
910 1944 955 2028 ῶς
966 1946 1093 2016 εἵλοντό
1104 1973 1145 2034 με
1153 1973 1242 2033 φρα-

289 2051 453 2132 τρίαρχον.

632 2153 892 2214 ΜΑΡΤΤΡΙΑΙ.

244 2269 280 2323 64
377 2242 425 2311 T6
441 2245 504 2331 μὲν
519 2251 636 2311 τοίνυν
653 2242 720 2310 666
737 2253 806 2311 τῶν
817 2251 990 2328 συγγενῶν
1000 2245 1055 2311 καὶ
1066 2248 1240 2361 φρατέρων

288 2345 344 2412 καὶ
355 2347 508 2429 δημοτῶν
518 2345 573 2410 και
583 2365 769 2426 γεννητῶν,
794 2333 1028 2423 ῶνπροσήκει,
1049 2339 1239 2425 μαρτυρού-

287 2468 371 2530 μενα
382 2439 554 2528 ἀκηκόατε.
577 2431 652 2519 ἐξ
624 2466 673 2506 ιον
683 2443 772 2505 ἔστιν
782 2435 890 2523 ὑμίνε
892 2440 995 2514 ίδέναι
1006 2437 1150 2554 πάτερόν
1161 2436 1235 2506 κοτ’

287 2536 425 2624 666636
445 2541 536 2620 ξενος
545 2527 739 2628 6666666
752 2534 910 2651 ὑπῆρχεν.
933 2535 1046 2601 καί
1006 2541 1145 2620 γαρε
1100 2535 1183 2603 ὲν
1194 2541 1241 2614 εί

288 2666 348 2708 ενα
363 2667 384 2725 η
381 2637 466 2706 660
478 2635 682 2724 ἀνθρώπους
693 2632 956 2718 κατεφεύγομεν,
981 2627 1238 2758 είχομενάντιν”

289 2735 437 2817 ὑποψίαν
458 2735 728 2823 παρεσκευάσθαι
749 2730 903 2810 τούτους
938 2737 969 2800 εἰ
988 2731 1061 2800 δ
1044 2759 1081 2800 εν
1104 2730 1237 2859 άπρισιν,

287 2836 445 2920 ὅσοισπερ
458 2837 594 2914 ἕκαστος
603 2833 709 2922 ὑμῶν,
722 2832 935 2917 ἐξητασμένος
946 2837 1098 2916 φαίνεται
1108 2858 1162 2899 και
1151 2833 1238 2918 ζῶν
1246 2853 1314 2908 1306

289 2931 308 3000 ὁ
321 2933 426 3017 πατὴρ
439 2937 492 3002 καὶ
502 2945 566 3002 νῦν
577 2932 657 3019 έγῶ,
675 2936 758 3015 λέγω
770 2929 946 3017 φράτερσι,
965 2936 1154 3018 συγγενέσι,
1178 2935 1238 3017 δη-

287 3030 418 3118 μόταις,
441 3032 628 3117 γεννήταις,
650 3037 719 3108 πῶς
736 3036 863 3097 ἔνεστιν
879 3025 902 3115 6
919 3037 988 3110 πῶς
1002 3029 1148 3097 δυνατὸν
1158 3029 1238 3096 τού-

288 3155 366 3207 τους
377 3125 574 3207 ἅπαντας
534 3155 578 3213 μη
590 3154 648 3213 μετ
651 3125 859 3250 '6636‘663
842 3128 1238 3248 υπάρχονταςκατεσκευ-

241 3227 448 3307 256666636
433 3231 464 3293 εί
482 3227 543 3311 μὲν
564 3235 678 3295 τοίνυν
699 3226 842 3314 εὔπορος
863 3253 912 3293 66
927 3224 947 3293 6
965 3224 1072 3313 πατὴρ
1088 3226 1237 3313 χρήματα

286 3323 365 3414 6063
375 3323 504 3402 τούτοις
515 3325 665 3410 ἐφαίνετο
677 3332 789 3404 πείσας
801 3338 971 3410 συγγενεῖς
981 3321 1104 3404 αὐτους
1116 3326 1237 3394 ἑαυτοῦ

287 3425 429 3548 φάσκειν
447 3450 462 3490 ε
464 3422 546 3507 ναι,
569 3423 715 3549 λόγονί
686 3451 701 3493 ε
714 3451 772 3511 χεν
786 3422 934 3503 ὑποψίαν
945 3447 997 3490 τιν
1000 3421 1142 3509 '‘6666
1118 3451 1162 3504 63
1172 3422 1235 3492 οὐκ

285 3529 329 3610 66
346 3522 459 3603 άστός·
482 3528 513 3590 εί
529 3524 565 3591 δὲ
582 3525 682 3610 πένης
693 3519 742 3590 66
753 3522 821 3608 άμα
833 3535 1002 3608 συγγενεῖς
1012 3548 1047 3590 τε
1057 3529 1235 3609 παρέσχετο

285 3620 364 3700 τούς
382 3620 503 3700 αὐτοὺς
517 3625 573 3691 καὶ
588 3623 823 3710 μεταδιδόντας
839 3629 907 3690 τῶν
917 3621 1025 3690 ὄντων
1033 3625 1234 3704 ἐπεδείκνυε,

286 3728 357 3798 πῶς
370 3718 432 3786 οὐκ
445 3719 586 3806 εὔδηλον
596 3720 647 3788 ὅτι
658 3728 698 3809 τῇ
710 3719 850 3812 66666'6
861 3721 1019 3810 προσήκει
1029 3723 1176 3802 τοάτοιςς
1192 3715 1234 3787 06

330 3816 465 3868 Demosth.
490 3816 547 3868 Vol.
569 3816 619 3868 111.
997 3822 1030 3875 16
