3159 4409
335 503 398 569 ειν
538 508 605 570 ux.
640 475 1080 582 [ΛΗΜοΣοεΝουΣ]

334 673 455 733 τοῦτον
475 662 680 752 ἠσεβηκυῖαν
700 666 762 732 καὶ)
775 664 854 742 τούς
872 664 1010 749 νόμους,
1034 664 1089 730 καὶ
1105 659 1215 750 αύτῆν
1230 665 1287 732 καὶ

334 762 397 851 τῆν
404 766 574 848 θυγατέρα
585 760 702 849 αὐτῆς,
714 759 756 828 ού
767 762 1012 847 τιμωρῆσεοθε;

275 881 326 936 118
420 861 583 946 Θαυμάζοι
601 859 633 927 δ’
655 865 756 945 ἔγωγε
773 866 808 928 τί
821 885 901 928 ποτε
917 862 972 929 καὶ
982 865 1095 948 ἐροῦσι
1106 860 1189 945 πρὸς
1201 858 1286 948 ὑμᾶς

334 963 371 1029 έν
381 968 420 1050 τῆ
433 959 604 1048 ἀπολογίη,
615 960 758 1046 πότερον
769 957 814 1039 ἀς
825 956 909 1044 ἀστῆ
919 963 986 1028 ἐστι
993 962 1122 1046 Νέαιρα
1133 958 1286 1046 αὕτηναί

333 1059 416 1129 κατά
428 1057 507 1138 τούς
517 1059 642 1144 νόμους
653 1072 804 1125 συνοικεῖ
811 1055 918 1145 αὐτοϋ
942 1055 1026 1126 ἀλλά
1037 1057 1286 1145 μεμαρτύρηται

333 1162 444 1243 ἑταίρα
461 1150 546 1225 ούσα
564 1158 619 1225 καὶ
640 1157 743 1243 δούλη
761 1160 946 1243 Νικαρέτης
963 1159 1176 1243 γεγενημένη.
1210 1150 1283 1225 ἀλλ’
1303 1227 1306 1230 ,

333 1257 374 1327 ού
393 1271 534 1343 γυναῖκα
551 1255 634 1325 εἶναι
649 1255 770 1340 αύτού,
793 1254 876 1323 ἀλλά
890 1253 1063 1342 ταλλακῆν
1073 1260 1159 1342 ἔχειν
1170 1260 1306 1338 ἔνδον;“

291 1397 294 1402 -
333 1355 405 1426 ἀλλ’
425 1361 460 1424 οί
474 1360 586 1435 παῖδες
602 1354 722 1440 ταύτης
742 1353 836 1432 ὅντες
857 1357 912 1422 καὶ
933 1358 1119 1440 εἰσηγμένοι
1139 1360 1186 1432 είς
1206 1354 1285 1434 τούς

333 1457 497 1543 φράτερας
514 1454 579 1524 ὑιιό
596 1455 776 1540 Στεφάνου
791 1455 848 1521 καὶ
863 1450 885 1539 ῆ
900 1453 1053 1538 θυγάτηρ
1071 1450 1169 1537 ἀνδρί
1183 1449 1285 1539 Ἀθη·

332 1564 414 1646 ναίφ
436 1559 611 1624 ἐκδοθεῖσα
633 1559 825 1638 περιφανῶς
846 1548 951 1636 αύτῆν
972 1549 1199 1636 ἀποφαίνουσι
1220 1578 1283 1637 γυ-

270 1674 322 1728 119
332 1670 428 1722 ναίιια
446 1661 570 1739 ἔχοντα.
605 1646 648 1731 ὡς
658 1653 720 1738 μὲν
730 1659 845 1719 τοίνυν
856 1648 918 1718 οὐκ
930 1649 1041 1737 ἀληθῆ
1051 1653 1119 1718 ἐστι
1129 1650 1170 1718 τά
1181 1677 1283 1737 κατη-

331 1757 498 1836 γορημένα
514 1752 569 1817 καὶ
588 1753 878 1836 μεμαρτυρημένα,
902 1747 974 1816 οὔτ’
988 1746 1091 1817 αύτὸν
1102 1752 1283 1835 Στέφανον

332 1845 400 1915 οὔτ’
413 1847 514 1914 ἀλλον
525 1844 607 1931 ὑπὲρ
618 1848 740 1914 τούτου
752 1846 842 1933 οἶμαι
853 1849 1034 1931 ἐτιβειξειν,
1046 1845 1091 1926 ἀς
1100 1853 1190 1916 ἔστιν
1199 1846 1280 1936 ἀστῆ

331 1949 460 2029 Νέαιρα
481 1943 587 2030 αὕτη·
606 1943 719 2012 ἀκούοι
742 1948 777 2012 δὲ
800 1943 904 2013 αύτόν
924 1945 1076 2013 τοιούτύυ
1097 1972 1128 2012 τι
1149 1950 1281 2031 μέλλειν

331 2043 577 2127 ἀπολογείσθαι,
590 2039 634 2120 ὡς
644 2040 685 2109 ού
696 2057 838 2126 γυναῖκα
850 2049 915 2128 ἔχει
926 2042 1042 2130 αύτῆν,
1054 2041 1121 2112 ἀλλ’
1135 2047 1279 2132 ἑταίραν,

329 2146 384 2210 καί
398 2147 432 2210 οί
441 2145 552 2220 παῖδες
564 2139 626 2209 ούκ
635 2144 699 2209 είσλ
709 2140 847 2228 ταύτης,
871 2138 944 2209 ἀλλ’
958 2146 991 2223 ἐξ
1002 2144 1112 2229 ἑτέρας
1121 2141 1281 2233 γυναικὸς

294 2279 298 2287 =
329 2243 418 2331 αὐτῷ
437 2239 553 2327 ἀστῆς,
566 2239 617 2325 -ῆν
628 2260 709 2326 φησι
719 2240 883 2324 πρότερον
894 2246 996 2326 γῆμαι
1006 2247 1150 2325 συγγενῆ
1162 2239 1277 2307 αὑτοῦ·
1287 2241 1345 2299 1386

268 2366 320 2418 120
330 2339 412 2428 πρὸς
425 2337 464 2425 δὴ
476 2338 538 2426 τῆν
549 2336 719 2407 ἀναίδειαν
730 2338 835 2407 αύτού
845 2347 907 2406 τού
919 2339 1021 2423 λόγον
1032 2343 1086 2407 καλ
1097 2337 1159 2425 τῆν
1170 2365 1279 2424 παρα-

330 2438 454 2527 σκευῆν
468 2449 525 2527 τῆς
542 2437 720 2524 ἀπολογίας
737 2441 791 2507 καὶ
802 2447 869 2507 τῶν
879 2451 1058 2524 μαρτυρεῖν
1069 2434 1160 2525 αύτῷ
1169 2462 1274 2524 παρε-
1337 2471 1339 2474 ⁴

329 2543 562 2625 σκενασμένων
572 2537 754 2625 πρόκλησιν
763 2535 867 2606 αὐτὸν
875 2535 1148 2622 προεκαλεσάμηυ
1157 2532 1279 2622 ἀκριβῆ

329 2640 384 2704 καὶ
402 2643 548 2723 δικαίαν,
572 2635 616 2704 δι’
633 2628 673 2722 ἧς
689 2641 764 2721 έξῆν
781 2633 862 2721 ὑμῖν
878 2636 985 2702 πάντα
1002 2632 1133 2720 τάληθῆ
1143 2639 1276 2720 είδέυαι,
1342 2678 1345 2687 -

328 2740 537 2819 παραδοῦναι
551 2733 610 2812 τάς
625 2740 830 2816 θεραπαίνας
850 2734 907 2811 τάς
923 2741 1051 2821 Νεαίρᾳ
1074 2732 1146 2801 τότε
1169 2753 1275 2820 προσ-

328 2831 567 2921 καρτερούσας,
590 2831 642 2899 ὅτ’
658 2826 765 2918 ῆλθεν
782 2830 827 2911 οἱς
843 2834 1019 2916 Στέφανον
1040 2832 1076 2898 ἐκ
1093 2831 1275 2918 Μεγάρων,

330 2939 482 3021 Θρᾷτταν
493 2932 548 2998 καὶ
558 2937 786 3016 Κοκκαλίνην,
798 2933 853 2997 καὶ
864 2926 903 3006 ἀς
913 2926 1055 3014 ὕστερον
1065 2925 1155 3013 παρὰ
1167 2928 1275 3017 τούτῳ

268 3047 318 3100 121
328 3023 412 3098 οὖσα
423 3030 594 3116 ἐκτῆσατο,
612 3033 752 3106 Ξεννίδα
762 3030 817 3097 καὶ
826 3031 989 3112 Δροσίδα·
1013 3025 1276 3112 αἳίσασινάκρι-

328 3135 395 3212 βοᾶς
405 3126 575 3214 Πρόξενόν
591 3152 626 3194 τε
643 3126 703 3193 τὸν
714 3126 953 3213 τελευτήσαντα
964 3127 1018 3193 καὶ
1025 3123 1205 3211 Ἀρίστωνα
1216 3124 1276 3194 τὸν

328 3233 394 3292 νύν
410 3224 490 3293 ὄντα
509 3228 563 3295 καί
572 3224 805 3312 Ἀντιδωρίδην
820 3224 879 3293 τόν
896 3228 1203 3310 σταδιοδρομοῦντα
1220 3226 1275 3292 καί

329 3320 429 3389 Φανώ
440 3324 501 3409 τῆν
511 3324 712 3411 Στρυβήλην
721 3327 945 3410 καλουμένην,
956 3321 979 3410 ῆ
989 3326 1143 3408 Θεογένει
1154 3329 1200 3412 τῷ
1212 3329 1275 3408 βα-

329 3420 514 3489 σιλεύσαντι
527 3422 714 3515 συνῴκησε,
726 3415 872 3506 Νεαίρας
882 3420 987 3499 ὄντας.
1017 3423 1071 3489 καὶ
1081 3419 1141 3489 ἐὰν
1151 3428 1274 3507 φαίνη-

327 3543 386 3597 ται
396 3518 432 3583 ἐκ
449 3526 505 3602 τῆς
515 3521 665 3604 βασάνου
675 3521 781 3606 γῆμας
790 3523 963 3605 Στέφανος
974 3517 1086 3588 οὑτοσὶ
1096 3518 1200 3606 άστῆν
1211 3546 1272 3605 γν-

327 3630 423 3683 ναῐκα
440 3617 493 3681 καὶ
510 3614 603 3697 ὅντες
619 3616 710 3708 αύτῷ
721 3624 756 3687 οί
763 3624 875 3698 ιταῑάες
886 3610 979 3687 οὗτοι
989 3622 1021 3698 ἐξ
1033 3619 1142 3704 ἑτέρας
1152 3644 1272 3704 γυναι-

327 3711 385 3793 κὸς
401 3711 501 3799 ἀστῆς
517 3716 570 3781 καὶ
590 3713 633 3801 μῆ
653 3723 813 3804 Νεαίρας,
835 3715 960 3804 ἤθελον
982 3714 1187 3796 ἀφίστασθαι
1208 3723 1270 3785 τοῦ
