3159 4409
316 478 380 544 21⁶
539 483 597 557 ιν.
620 477 1037 542 ΔΗΜοΣοεΝονΣ

316 665 424 720 νοιτος
445 638 485 706 τά
502 636 567 724 γάρ
585 643 665 724 ἔργα
675 644 829 723 φανεροῖς
846 642 1010 725 ἐξελέγχει.
1044 647 1101 709 καί
1115 666 1172 727 μοι
1181 639 1262 729 λαβὲ

316 739 423 818 πάσας
434 740 511 807 νυνὶ
521 736 578 816 τάς
589 742 779 823 μαρτυρίας,
791 737 846 802 καὶ
856 741 938 820 λέγε.

658 840 916 901 MAPTYPIAI.

271 957 306 1010 15
394 929 559 1017 Ἀκούετε,
582 924 609 998 ά
630 930 749 1018 άνδρες
764 929 951 1017 Ἀθηναῖοι,
973 941 1041 1001 τῶν
1058 942 1259 1020 μαρτυριῶν.

315 1024 364 1117 ἆρ’
379 1029 458 1118 ύμῖν
470 1034 608 1098 δοκοῦσι
623 1030 806 1117 διαρρήδην
823 1044 1003 1116 μαρτυρεῖν
1018 1033 1074 1103 καλ
1088 1029 1126 1099 τὸ
1137 1039 1261 1118 χωρίον

316 1129 400 1198 εἶναι
414 1132 564 1215 δένδρων
575 1127 696 1214 μεστὸν
706 1132 760 1196 καὶ
770 1127 910 1216 μνήματ’7
923 1137 1008 1216 ἔχειν
1019 1129 1093 1199 τιυά
1104 1134 1160 1201 καὶ
1169 1130 1257 1201 τᾶλλ’

315 1227 399 1317 άπερ
416 1230 471 1296 καὶ
489 1242 556 1305 τοίς
569 1226 680 1306 άλλοις
696 1236 826 1313 χωρίοις
842 1231 1066 1315 συμβίβηκευς
1086 1232 1143 1298 καὶ
1158 1229 1260 1299 πάλιν

313 1329 364 1398 ὅτι
374 1327 647 1417 περιῳκοδομήθη
658 1324 695 1394 τὸ
713 1334 835 1412 χωρίον
846 1333 966 1408 ζῶντος
975 1331 1037 1413 μὲν
1047 1333 1094 1395 ἔτι
1104 1336 1166 1397 τοῦ
1178 1328 1258 1396 τού-

215 1459 218 1462 ’
312 1454 379 1495 των
390 1428 523 1515 ιτατρὸς,
535 1423 597 1495 οὐκ
609 1423 908 1512 ἀμφισβητούντων
918 1424 948 1494 δ’
963 1423 1040 1494 ούτε
1049 1426 1180 1496 τούτων
1190 1424 1257 1495 οὔτ’

312 1526 415 1595 άλλον
424 1535 492 1594 τείν
502 1526 660 1611 γειτόνων
672 1523 825 1604 ούδευός;

270 1643 303 1698 16
387 1625 496 1704 ’Ἁξιον
507 1623 551 1708 δ’,
564 1617 592 1692 ά
600 1624 720 1709 άυδρες
731 1626 896 1709 δικασταὶ,
913 1626 968 1692 καὶ
984 1628 1059 1708 περὶ
1068 1631 1137 1692 τείν
1147 1622 1257 1692 άλλων
1293 1670 1296 1677 ,

312 1717 361 1790 οἷν
372 1732 479 1806 είρηκε
489 1728 675 1808 Καλλικλῆς
690 1720 840 1790 ἀκοῦσαι.
873 1726 929 1791 καὶ
946 1725 1116 1804 σκέψασθε
1125 1732 1257 1808 πρῶτον
1263 1729 1315 1785 Ιδίῦ

233 1848 236 1855 “
312 1820 372 1905 μὲν
383 1829 417 1887 εί
431 1846 479 1897 τις
494 1817 591 1905 ὑμῶν
608 1819 747 1906 ἑόρακεν
765 1817 787 1907 ή
803 1819 924 1907 άκήκοε
941 1821 1072 1889 πάντοτε
1089 1820 1166 1907 παρ’
1177 1818 1255 1890 ὁδὸν

310 1918 479 2005 χαράδραν
498 1910 612 1984 οὖσαν.
646 1917 735 2004 οἶμαι
750 1917 816 2002 γάρ
831 1922 869 1986 ἐν
884 1919 973 2007 πάση
989 1927 1030 2008 τῇ
1045 1920 1137 2008 χάρη
1155 1924 1255 2006 μηδε-

310 2023 388 2104 μίαν
399 2015 498 2082 εἶναι·
511 2023 572 2083 τοῦ
582 2014 646 2102 γάρ
658 2018 764 2101 ἕνεκα,
776 2014 795 2084 δ
807 2015 860 2084 διά
871 2027 928 2104 τῆς
939 2016 1021 2087 ὁδοῦ
1031 2027 1088 2106 τής
1099 2023 1255 2105 δημοσίας

309 2119 422 2201 ἔμελλε
443 2118 631 2201 βαδιεῖσθαι
653 2115 856 2203 φερόμενον,
879 2117 986 2205 τούτῳ
1004 2115 1058 2186 διά
1074 2124 1143 2185 τῶν
1162 2122 1255 2186 ίδίων

268 2236 301 2292 17
309 2220 438 2303 χωρίων
447 2213 616 2298 χαράδραν
627 2217 760 2300 ἐποίησέ
766 2240 831 2295 τις;
854 2220 963 2282 ἔπειτα
979 2221 1027 2293 τίς
1037 2211 1080 2282 άν
1090 2213 1188 2301 ὑμῶν
1198 2211 1252 2284 εἶτ’

310 2316 346 2382 ἐν
366 2311 458 2402 ἀγρῷ
479 2313 519 2399 νή
537 2311 594 2380 Δί’
614 2311 668 2381 είί
685 2316 722 2381 ἐν
743 2313 834 2382 άστει
855 2313 891 2381 τὸ
916 2312 970 2381 διά
993 2323 1050 2401 τῆς
1072 2313 1155 2382 ὁδοῦ
1177 2316 1253 2401 ῥέον

309 2411 401 2499 ὕδωρ
423 2418 469 2491 είς
489 2410 527 2479 τὸ
550 2419 672 2498 χωρίον
689 2409 714 2498 ή
735 2413 798 2500 τήν
814 2418 923 2482 οἰκίαν
940 2411 1052 2493 δέξαιτ’
1073 2408 1117 2479 άν
1134 2410 1252 2488 αὑτοῦ;

308 2509 376 2580 ἀλλ’
388 2510 449 2580 ούκ
467 2510 547 2579 αὐτὸ
565 2510 778 2595 τούναντίον,
800 2508 865 2579 κάν
884 2510 1040 2598 βιάσηταί
1051 2535 1147 2596 ποτε,
1170 2508 1253 2578 άτιο·

249 2640 251 2644 ⁴
309 2611 466 2696 φρίττειν
483 2607 626 2688 ἅπαντες
642 2612 699 2677 καὶ
715 2614 971 2696 παροικοδομεῖν
987 2609 1170 2694 είάθαμενς
1192 2599 1253 2676 ού-

234 2753 235 2756 =
306 2735 363 2787 τος
375 2716 489 2777 τοίνυν
499 2707 587 2788 άξιοῑ
596 2734 636 2794 με
654 2714 689 2776 ἐκ
705 2717 762 2794 τῆς
774 2705 856 2776 ὁδοῦ
866 2708 903 2776 τὸ
917 2708 1009 2793 ὕδωρ
1021 2708 1251 2793 εἰσδεξάμενον

306 2815 352 2887 είς
371 2806 408 2875 τὰ
433 2812 577 2895 ἐμαυτοῦ
597 2814 734 2894 χωρίου,
757 2806 838 2875 ὅταν
859 2807 896 2874 τὸ
918 2809 1040 2876 τούτου
1060 2806 1251 2890 παραλλάξη

306 2915 443 2993 χωρίον,
466 2905 567 2972 πάλιν
578 2911 622 2983 είς
632 2904 693 2991 τήν
703 2903 785 2973 ὁδὸν
799 2909 978 2991 ἐξαγαγεῖν.
1013 2903 1141 2972 οὐκοῦν
1151 2902 1252 2971 πάλιν

306 3005 421 3090 ὁμετά
437 3003 558 3072 τὀάτόν
582 3030 637 3090 μοι
658 3010 816 3089 γεωργῶν
836 3013 909 3071 τῶν
924 3004 1084 3088 γειτόνων
1105 3005 1250 3087 ἐγκαλεῖ·

307 3103 343 3171 τδ
355 3103 419 3190 γάρ
430 3102 512 3188 ὑπὲρ
522 3105 644 3170 τούτου
656 3107 783 3170 δίκαιον
795 3107 897 3188 δήλου
908 3101 958 3170 ὅτι
969 3100 1133 3178 κάκείνοις
1142 3096 1252 3183 ύιτάρ-
1279 3110 1284 3120 ’

264 3226 298 3280 13
307 3202 353 3280 ξει
369 3209 449 3269 τοῖσι
464 3203 581 3286 λέγειν.
613 3198 696 3269 άλλά
713 3199 780 3286 μήν
791 3211 824 3268 εί
836 3226 874 3286 γε
893 3207 939 3280 είς
955 3199 1016 3287 τήν
1028 3197 1109 3267 ὁδὸν
1119 3195 1251 3284 ὀκνήσω

306 3296 342 3365 τὸ
362 3298 454 3388 ὕδωρ
470 3288 612 3385 ἐξάγειν,
635 3292 739 3386 ήπον
755 3299 889 3385 σφόδρα
910 3306 1050 3384 θαρρῶν
1067 3303 1113 3376 είς
1133 3295 1171 3364 τδ
1190 3302 1253 3363 τοῦ

306 3403 445 3481 πλησίον
461 3407 582 3487 χωρίου
599 3396 718 3485 άφείηυ
734 3397 786 3466 άυ.
828 3397 915 3465 ὅπου
934 3396 997 3482 γάρ
1020 3401 1113 3474 δίκας
1134 3391 1252 3480 άτιμή-

307 3521 385 3574 τονς
406 3497 519 3580 φεύγω
541 3498 624 3564 διότι
644 3495 681 3566 τό
699 3500 735 3564 ἐκ
758 3504 816 3583 τῆς
833 3494 916 3564 ὁδοῦ
934 3498 1012 3582 ῥέον
1033 3493 1125 3580 ὕδωρ
1147 3500 1194 3572 είς
1211 3489 1247 3558 τὰ

307 3594 428 3662 τούτου
448 3600 569 3678 χωρίου
592 3597 736 3681 διέπεσε,
757 3602 793 3677 τί
810 3600 962 3679 τείσομαι
985 3591 1066 3677 πρὸς
1085 3591 1167 3670 Διὸς
1184 3586 1249 3658 ύιτό

289 3680 375 3761 ’τῶν
392 3695 427 3758 ἐκ
443 3699 505 3758 τοῦ
522 3699 643 3779 χωρίου
662 3700 723 3761 τοῦ
737 3697 822 3778 ἐμοῦ
833 3698 894 3761 τοῦ
911 3690 1031 3770 ύδατος
1043 3690 1250 3766 εἰσπεσόντος
