3159 4409
489 461 631 523 ΠΡΟΣ
656 451 1032 523 MAKAPTATON.
1199 463 1241 526 33

331 619 528 730 Εὐβουλίδου,
540 626 590 688 καὶ
602 619 722 688 ἀκούειν
731 631 783 689 τοῦ
796 627 907 705 ἑαυτῶν
916 619 1025 726 πατρὸς
1035 620 1079 689 ὁτι
1094 630 1240 712 Φίλαγρος

331 706 416 793 λοίβοι
429 717 558 812 γυναῖκα
568 705 687 814 πρώτην
697 708 750 789 μὲν
766 699 946 811 Φυλομάχην
957 702 1088 816 ιἰδελφήν
1098 714 1238 857 Πολέμω-

331 819 381 868 νος
396 799 448 856 τοῦ
464 787 573 875 πατρὸς
590 817 640 855 του
629 787 796 875 ροΑγνίου
782 797 929 900 ρμοπατρί
927 818 965 854 αν
916 790 1064 855 ίκαί
1050 799 1192 901 ομομητρί
1191 823 1237 876 αν,

331 877 382 940 καί
398 877 537 978 γεηὲσθιιι
551 870 692 984 Φιλοίγριο
710 877 788 938 55⁸
757 902 810 956 μεν
814 883 878 980 τής
898 872 1075 957 Φυλομάχης
1091 875 1236 960 Εὗβουλί-

331 964 402 1041 δην,
424 954 635 1045 ἀποθανούσης
652 939 684 1023 δε
698 958 873 1041 Φυλομάχης
891 961 997 1056 ἑτέραν
1002 965 1102 1042 λαβεῖν
1111 971 1238 1070 γυνμῖιια

334 1047 483 1146 Φίλαγρον
493 1048 590 1107 Τιλεσί
589 1068 679 1124 ππην,
691 1045 742 1106 καλ
751 1040 911 1146 γενέσθαι“
899 1041 1079 1148 ομοιτυίτριον
1090 1047 1144 1126 μέν
1154 1043 1237 1111 ἅδελ-

330 1123 390 1207 φδν
407 1122 575 1228 Εὖβορλίδη
592 1122 802 1191 Μενεσθέα
758 1173 768 1207 ,
790 1126 967 1231 ομομήτριον
983 1128 1073 1192 55'
1013 1154 1087 1236 μη·
1107 1133 1157 1193 καί
1176 1126 1237 1195 Εὗ-

320 1212 467 1294 βουλίδου
484 1191 759 1315 οίμφισβημήσαντυς
774 1237 826 1275 του
814 1212 955 1315 κλήρου
974 1237 1026 1275 του
1013 1210 1152 1320 Ἀγρίου
1164 1210 1238 1278 κατὰ

328 1297 411 1398 γένος
418 1297 578 1360 Μενεσθέα
585 1323 625 1378 μη
616 1291 857 1400 ὀἷμφισβητήσριι
867 1321 919 1359 του
906 1293 1040 1378 κλήρου
1051 1322 1103 1361 του
1090 1295 1237 1402 Ἀγμίου,

328 1372 398 1460 μηδ’
412 1375 653 1488 Εὕκτήμονατδν
666 1375 860 1481 ήδελφοντον
874 1379 1041 1479 Φιλάγρου,
1063 1375 1134 1461 μηδ’
1149 1380 1236 1445 ίίλλον

327 1463 438 1543 μηδένα
450 1465 525 1527 κατδι
534 1464 617 1546 γένος
627 1456 702 1546 πρὸς
714 1456 944 1545 Εδβουλίδην’
911 1488 982 1526 τοτε.

694 1567 826 1623 AAAH.

413 1668 574 1744 Μαρτυρεῖ
577 1654 629 1723 τὸν
636 1661 747 1744 πατέρα
755 1654 806 1723 τὸν
817 1661 921 1723 ἑαυτου
908 1654 1100 1743 Ἀρχίμαχον
1110 1671 1237 1768 συγγενή

329 1741 405 1806 εἶναι
421 1745 581 1845 Πολέμωνι
598 1769 638 1828 τῳ
626 1745 786 1829 πατρί
758 1769 800 1806 τω
786 1740 930 1847 Ἁγνίου
946 1747 996 1807 καί
1013 1743 1223 1855 Χαριδήμῳ
1193 1754 1236 1810 τῶ

294 1882 299 1891 ,
327 1829 461 1912 πατρὶ
432 1852 472 1890 τω
460 1807 659 1930 Θεομόμιίομ
671 1829 721 1890 καί
735 1807 915 1936 Φιλάγρῳ
885 1835 927 1890 55
925 1831 1065 1929 ,παμρί
1036 1855 1076 1892 τω
1064 1811 1234 1932 Εὖβὸυλί·

327 1915 397 1992 δον,
410 1913 460 1974 καὶ
471 1905 591 1975 ἆκοιίειν
601 1916 653 1975 τοῦ
664 1906 771 2020 πμτρὸς
781 1918 834 1974 τοῦ
845 1915 957 1976 ἑαυτῶν
967 1907 1011 1975 ὅτι
1017 1893 1170 2014 Φίλαγρος
1181 1913 1233 1977 λοί-

326 2001 374 2077 βαι
391 2003 519 2098 γυναῖκα
529 1992 647 2100 πρρίτην
657 1996 711 2076 μὲν
714 1993 905 2099 Φυλομάχην
915 1989 1234 2107 ἆδελφήνΠολέμωνος
1259 2000 1262 2004 ’

325 2086 377 2143 τοῦ
384 2075 501 2186 πατρὸς
516 2104 568 2187 τορ
555 2075 694 2162 Ἀγνίου
710 2074 890 2189 ὁμοπατρίαν
901 2104 951 2143 και
942 2076 1141 2184 ὁμομητρίαν
1146 2129 1156 2162 ,
1182 2085 1233 2145 καὶ

325 2162 463 2246 γενέσθαι
481 2163 560 2226 55⁸
528 2189 582 2244 μεν
601 2161 777 2244 Φυλομάχης
794 2167 927 2246 Ευβουλί
927 2169 997 2244 δην,
1020 2160 1233 2247 ἀποθανούσης

326 2248 358 2310 δὲ
371 2247 546 2329 Φυλομάχης
554 2248 663 2354 ἑτέραν
678 2253 778 2348 λαβεῖν
793 2255 921 2330 γυναῖκα
935 2251 1084 2332 Φίλαγρον
1099 2254 1231 2312 Τελεσίπ-
1218 2263 1308 2318 -1065

324 2355 399 2433 πην,
424 2333 474 2393 καὶ
495 2331 633 2436 γενέσθαι
655 2331 796 2433 Φιλάγρῳ
819 2332 850 2392 ἐκ
870 2335 1045 2432 Τελεσίππης
1061 2334 1231 2432 Μενεσθέα,

325 2410 504 2518 ὁμοπάτριον
522 2415 575 2495 μὲν
591 2408 720 2513 ἀδελφὸν
731 2393 851 2494 Εὐβουλ
851 2409 951 2514 ίδη,“
939 2413 1121 2518 ὁμομήτριον
1134 2413 1216 2477 δε
1175 2439 1230 2496 μη

325 2494 601 2600 ἀμφισβητήσαντος
620 2497 651 2559 δέ
662 2491 848 2599 Εὐβουλίδου
865 2502 917 2557 τοῦ
935 2492 1045 2598 κλήρου
1056 2521 1108 2559 του
1095 2494 1232 2578 Ἁγνίου

325 2577 399 2645 κατδι
409 2584 493 2685 γένος
504 2581 665 2643 Μενεσθέα
675 2606 716 2682 μχ
703 2573 947 2680 ἆμφιρβητῆσαι
958 2603 1010 2641 του
997 2576 1147 2683 κλήρου,
1159 2575 1228 2662 μηδ’

324 2660 505 2774 Εὐκτήμονα
523 2660 575 2767 555
592 2656 723 2766 ἆδελφὸν
736 2659 904 2762 Φιλήγρου,
925 2656 997 2744 μηδ’
1016 2659 1105 2726 ίίλλον
1120 2668 1232 2747 μηδένα

324 2745 398 2812 κατὰ
409 2751 491 2832 γένος
501 2744 574 2833 πρὸς
586 2742 704 2830 Εὐβουλ
705 2742 814 2828 ίδην
782 2770 853 2810 τοτε.

691 2853 823 2910 ΑΛΛΗ.

398 2955 567 3051 Μαρτυρεῖ
573 2941 625 3011 ιδν
635 2949 790 3050 πατέρα
755 2973 806 3029 της
818 2949 921 3010 ἑαυτοῦ
934 2942 1040 3047 μητρὸς
1051 2950 1231 3051 Καλλίστρα·

322 3057 373 3095 τον
390 3026 520 3110 ἆδελῳὸν
538 3028 613 3094 εἶναι
625 3026 835 3134 Εὐκτήμονι
807 3057 847 3094 τω
834 3028 1062 3134 βασιλεύσηιντι
1072 3057 1123 3093 και
1114 3029 1230 3095 ’Φιλοί-

322 3141 430 3202 γρῳ
401 3121 442 3177 τῶ
458 3117 585 3218 πατρί
556 3140 596 3178 τω
585 3110 727 3221 Εὔβουλ
728 3119 808 3196 ίδου,
828 3096 1012 3222 ἆνεργιοδςδ
1025 3110 1164 3177 εἶναι’
1111 3140 1230 3193 τουτους

322 3201 479 3278 Πολέμωνι
495 3205 536 3281 τῷ
552 3201 685 3283 πατρί
656 3225 694 3300 55
684 3196 827 3299 Αγνίου
845 3225 896 3263 και
887 3194 1073 3300 Χαριδήμῳ
1090 3206 1131 3286 τῷ
1141 3202 1230 3306 πατρί

323 3290 364 3366 τῷ
384 3263 573 3390 Θερπόμιίου,
596 3284 646 3345 καί
664 3281 784 3346 ακονέιν
801 3309 852 3386 της
868 3275 985 3390 μητρὸς
991 3288 1042 3385 τῆς
1053 3261 1202 3347 έαυτοῦ“
1185 3310 1230 3349 στι

323 3347 493 3475 ἆδελφὸς’
461 3392 495 3432 ου
507 3367 618 3471 γένριτο
629 3369 836 3471 Πολέμωνι
794 3393 835 3430 τω
845 3366 973 3510 πατρὶί,
944 3391 984 3427 τω
972 3361 1125 3469 Ἀγνίοη,
1143 3363 1228 3433 ιἰδελ-

324 3479 378 3551 φη
353 3448 410 3514 ⁸55
426 3452 538 3554 γένριτο
555 3446 747 3554 ὁμοπατρία
685 3446 811 3514 ίκαλ
799 3451 943 3531 ομομητρί
941 3475 960 3510 α
965 3429 1154 3558 Φυλρμοίχη,
1178 3453 1229 3515 καί

322 3532 431 3637 ταύτην
448 3533 534 3637 λήβοι
550 3560 604 3616 την
624 3532 803 3638 Φυλομήχηγ
823 3537 983 3632 Φίλαγρος,
1005 3559 1055 3597 και
1045 3534 1183 3616 ’γένοιτο
1200 3537 1229 3611 έξ

322 3613 421 3682 αὐτῶν
437 3574 651 3719 Εὐβουλίδης
640 3645 679 3683 ο
671 3614 767 3701 πατὴρ
783 3612 799 3680 5
822 3613 1047 3699 Φυλομάχης
1012 3644 1063 3700 της
1074 3619 1229 3681 Σωσιθέου

321 3698 481 3786 γυναικός]
588 3766 592 3773 ,

326 3798 461 3849 Demosth
486 3796 543 3848 Vol
556 3796 605 3850 ΙΙΙ.
1060 3798 1078 3849 3
