3159 4409
510 483 650 543 πΡοΣ
668 437 1051 554 ΜΑΚΑνΤΑΤοΝ.
1215 487 1257 552 τε

303 650 373 710 τόν
389 646 426 710 ἐν
442 653 489 735 τῷ
499 649 666 731 Στρατίου
683 653 763 733 οἴκῳ
781 641 891 710 όντων
906 644 1070 733 ἐκγόνων,
1092 642 1165 715 ἀλλ’
1178 645 1258 717 οὐδὲ

226 820 228 828 ρ
304 743 549 828 παραπλήσιον·
574 739 647 809 ἀλλ’
667 738 760 809 αὐτοὶ
772 738 818 808 δι’
830 738 943 808 αὐτῶν
953 742 1151 827 πορεύονται
1162 748 1256 835 ἐντῷ

304 850 385 929 οίκῳ
396 849 441 930 τῷ
449 839 598 926 Ἁγνίου,
615 839 655 908 τά
666 837 814 926 ὀνόματα
824 837 903 928 παρ’
916 839 1070 927 ἀλλήλων
1082 855 1255 931 παραλαμ

303 940 472 1026 βάυοντες.
499 937 647 1026 πανταχῆ
661 936 701 1024 δὴ
712 940 768 1007 καλ
781 938 889 1006 πάντα
899 938 1027 1022 τρόπον
1038 941 1256 1026 ἐξελέγχονται

304 1040 335 1118 ἐξ
347 1039 460 1122 ἑτέρου
471 1047 567 1105 οίκου
578 1041 633 1113 καλ
646 1039 735 1122 γένει
746 1035 904 1124 ἀπωτέρω
915 1035 1018 1123 ὄντες,
1032 1038 1088 1105 καλ
1098 1035 1140 1105 οὐ
1151 1060 1256 1125 προσ-

300 1144 385 1222 ῆκον
395 1134 506 1214 αὐτοῖς
517 1144 736 1222 κληρονομεῖν
746 1133 886 1214 οὐδενός
896 1142 965 1202 τοῖν
971 1132 1120 1220 Ἁγνίου·
1131 1133 1181 1215 οἷς
1191 1136 1264 1225 γάρ’

302 1240 437 1304 δίδωσιν
453 1233 470 1302 ὁ
490 1237 674 1321 νομοθέτης
683 1232 746 1320 την
757 1231 945 1320 ἀγχιστείαν
956 1230 1083 1320 καλτὴν
1094 1242 1256 1320 κληρονο-

300 1341 396 1420 μίαν,
409 1334 548 1413 τούτους
559 1331 787 1420 ἀναγνώσεται
799 1333 879 1421 ὑμῖν
888 1331 967 1413 τοὺς
978 1333 1111 1420 νόμους.

684 1471 862 1532 ΝΟΜΟΣ.
1260 1488 1326 1543 1057

258 1617 290 1667 51
406 1581 448 1664 [
448 1577 576 1656 Όστις“
556 1608 595 1643 αν
605 1608 645 1665 μη
634 1575 830 1683 διαθέμενος
841 1575 984 1683 ἀποθάνῃ
992 1626 1002 1659 ,
1020 1575 1115 1642 ἐάν
1082 1605 1137 1682 μεν
1145 1585 1253 1658 παιδος

343 1668 502 1774 καταλείπῃ
512 1668 649 1744 θηλείας,
668 1686 724 1766 σνν
734 1662 888 1772 ταύτησιν,
906 1659 958 1727 ἐάν
968 1643 1047 1728 δὲ
1011 1691 1077 1768 μη,
1084 1661 1187 1728 τοάσδε
1197 1691 1251 1767 κν·

345 1753 425 1830 ρίους
442 1745 517 1810 εἶναι
533 1774 592 1811 των
601 1773 765 1851 χρημάτων
795 1748 847 1812 ε’άν
858 1749 914 1851 μὲν
922 1737 1077 1852 ἀδελφοὶ
1055 1743 1251 1851 υσινὸμοπνὶ-

343 1857 424 1916 τορες
435 1833 484 1895 καὶ
496 1826 548 1894 ἐάν
557 1835 659 1908 παιδες
670 1834 699 1908 ἐξ
710 1827 846 1935 ἀδελφῶν
856 1829 973 1939 γνήσιοι
979 1881 989 1914 ,
998 1827 1096 1940 52¹vv'pz
1077 1839 1130 1896 τοῦ
1121 1827 1250 1936 πατρὸς

342 1925 450 1998 μοῖραν
469 1913 639 2021 λαγχάνειν·
659 1911 712 1980 ἐάν
733 1911 822 2019 δέμ
783 1944 824 1998 μη
841 1910 1012 2019 ἀδελφοί
987 1937 1059 1983 ωσιυ
1074 1943 1095 1998 η
1081 1911 1250 2023 ἀδελφῶν

341 2004 458 2100 παῖδες,
480 2001 548 2076 τοὺς
560 1995 638 2077 ἐξ’
601 2006 699 2064 αυτῶν
710 1995 784 2064 κατά
795 1995 888 2064 ταάτα
875 1994 1067 2104 λαγχάνειν
1089 2010 1230 2104 κρατεῖν
1217 2000 1250 2065 δὲ

341 2079 409 2187 τοὺς
419 2082 543 2186 ἀρρευας
554 2085 604 2147 καλ
614 2109 682 2184 τονς
693 2086 725 2147 ἐκ
737 2091 796 2147 τῶν
807 2081 953 2193 ἀρρένων,
976 2081 1028 2150 ἐάν
1038 2087 1121 2148 έκ
1081 2110 1140 2186 τηαν
1151 2083 1249 2147 αὐτῶν

342 2158 404 2248 ἀοι,
422 2168 472 2231 καλ
488 2163 544 2231 ἐαν
554 2160 664 2251 γένει
647 2168 795 2273 απωτέρω
827 2165 973 2232 ἐὰνδὲ
937 2196 977 2272 μη
995 2190 1049 2233 ωσι
1058 2193 1130 2272 προς
1135 2192 1249 2272 πατρός

341 2253 426 2357 μέχρι
433 2245 567 2333 ἀνεψιῶν
577 2256 701 2333 παίδων,
712 2251 780 2326 τοὺς
790 2247 863 2336 πρὸς
873 2248 982 2360 μητρὸς
991 2279 1043 2316 του
1031 2248 1179 2357 ἀνδρὸς
1173 2246 1249 2315 κατά

340 2361 431 2437 τνιυτα
419 2331 584 2440 νυρίους
572 2333 656 2398 εἶναι.
688 2329 740 2397 ἐάν
751 2336 783 2399 δὲ
795 2328 1026 2438 μηδετέρωθενῇ
1037 2335 1116 2436 ἐντὸς
1126 2334 1247 2418 τοότωυ,
1302 2383 1308 2394 ,

341 2414 391 2484 τὸν
407 2417 480 2521 πρὸς
496 2414 604 2521 πατρὸς
621 2415 768 2500 ἐγγυτάτω
785 2418 889 2520 κόριον
906 2416 990 2481 εἶναι.
1023 2414 1108 2520 νόθῳ
1127 2420 1159 2481 δὲ
1176 2421 1250 2522 μηδὲ

340 2503 419 2607 νόθη
437 2530 477 2584 μη
466 2498 570 2566 εἶναι
587 2497 752 2584 ἀγχιστείαν
769 2495 847 2580 μήθ’
866 2505 952 2584 ἱερῶν
969 2495 1045 2582 μήθ’
1065 2482 1210 2583 ὁάίων,’
1193 2496 1246 2566 ἀπ’

340 2567 438 2651 Εάκλε
438 2592 504 2650 ίδου
514 2583 673 2669 ἀρχοντος.]

254 2727 288 2780 52
381 2695 577 2785 Διαρρήδην
588 2690 702 2780 λέγει
687 2721 704 2762 ο
718 2691 837 2780 νόμος,
850 2720 876 2760 ω
864 2685 1007 2778 ἀνδρες
1018 2698 1182 2781 δικασταὶ,
1200 2692 1249 2776 οἷς

298 2804 350 2866 δεῖ
365 2796 426 2885 τὴν
443 2800 667 2882 κληρονομίαν
684 2793 783 2862 εἶναι·
806 2790 847 2861 οά
866 2793 911 2879 μά
923 2791 979 2861 Δί
999 2791 1040 2861 οά
1060 2795 1247 2883 Θεοπόμπῳ

297 2893 377 2965 οὐδὲ
387 2894 597 2983 Μακαρτάτῳ
610 2900 655 2980 τῷ
669 2892 869 2979 Θεοπόμπου
881 2898 955 2977 υίεί,
965 2908 1033 2972 τοῖς
1042 2894 1124 2980 μηδὲ
1134 2891 1170 2961 τό
1183 2917 1249 2960 πα-

298 2994 408 3080 ράπαν
418 2998 454 3061 ἐν
465 3002 512 3082 τῷ
523 3004 603 3080 οἴκῳ
615 2986 690 3060 οὖσι
701 3000 748 3081 τῷ
756 2990 896 3077 Ἁγνίου.
917 2991 999 3060 ἀλλά
1011 3000 1074 3060 τίνι
1084 2996 1138 3061 καὶ
1150 2997 1249 3060 δίδω-

298 3117 368 3176 σιυ;
392 3107 458 3173 τοῖς
471 3091 618 3177 ἐκγόνοις
628 3105 697 3169 τοῖς
705 3088 853 3178 Ἁγνίου,
877 3106 943 3169 τοῖς
955 3083 1052 3158 οὖσιν
1063 3093 1100 3157 ἐν
1109 3097 1155 3176 τῷ
1167 3099 1247 3181 οίκῳ

297 3202 343 3283 τῷ
361 3189 498 3261 ἐκείνου.
531 3198 634 3258 ταῦτα
651 3187 739 3257 καλό
758 3190 860 3278 νόμος
878 3193 983 3276 λέγει,
1005 3188 1107 3255 καλτό
1120 3193 1248 3271 δίκαιον

299 3319 405 3372 ουτως
417 3298 490 3377 ἔχει

255 3436 289 3490 53
386 3405 579 3490 Οότοίυυν,
592 3431 618 3471 ω
607 3397 750 3489 ανδρες
761 3406 926 3487 δικασταὶ
939 3428 1042 3469 ταυτα
1053 3402 1114 3488 μὲν
1124 3408 1248 3472 ἔδωκεν
1356 3476 1359 3480 ,

300 3503 514 3627 ὁνομνθένης
529 3517 596 3582 τοῖς
613 3505 856 3624 προσήκουσιν,
879 3527 973 3588 ετερα
991 3498 1022 3568 δ
1035 3499 1076 3569 οό
1085 3506 1248 3591 προσέτα-

300 3610 369 3690 ξεν,
394 3601 478 3671 ἀλλά
497 3601 601 3669 πολλοὶ
619 3602 710 3670 πάνυ
728 3604 816 3670 ἐστὶν
827 3599 848 3667 ἀ
859 3622 1053 3685 προστάττει
1062 3614 1169 3668 ποιεῖν
1179 3611 1248 3675 τοῖς

300 3705 521 3791 προσήκουσι,
540 3705 593 3771 καὶ
606 3700 774 3788 πρόφασιν
785 3697 944 3787 οὐδεμίαν
955 3704 1105 3826 δίδωσιν,
1128 3693 1202 3763 ἀλλ’
1214 3698 1248 3776 ἐξ

670 3804 672 3810 ’
766 3799 768 3806 ’
1057 3796 1076 3849 3
