3159 4409
308 496 370 585 εεο
493 496 582 557 ιτιιι,
606 490 1058 583 [ΔῌΜοΣοεωονΣ]

269 674 301 729 16
311 654 413 725 αὑτὸν
426 656 461 723 δὲ
473 661 609 741 κρείττω
619 659 688 720 τῶν
703 650 820 736 νόμων
830 649 923 719 εἶναι.
956 651 1057 738 φήσει
1072 657 1189 720 τοίνυν
1199 649 1258 719 τὸν

311 754 463 838 πάππον,
485 751 546 837 οὐχ
562 748 666 819 αὑτὸν
687 748 771 817 εἶναι
789 745 852 818 τὸν
867 753 904 817 ἐν
919 757 967 840 τῷ
982 756 1192 840 γραμματείῳ
1203 777 1259 837 γε·

310 855 516 941 γραμμένον,
535 850 675 932 καὶπερὶ
686 848 808 916 τούτου
829 847 972 927 πολλοὺς
982 851 1052 933 ἐρεῖ
1059 848 1198 936 λόγους,
1216 845 1260 929 ὡς

228 974 231 987 ’
311 951 437 1029 ἐκεῖνός
447 953 545 1018 ἐστιν.
579 947 644 1033 ἐγώ
657 945 694 1014 δὲ
704 943 741 1013 τδ
753 947 815 1032 μὲν
827 944 977 1033 ἀκριβὲς,
989 944 1150 1033 ὁπότερός
1159 951 1259 1032 ἐστιν,

312 1049 373 1120 οὐκ
391 1053 452 1135 ἔχω
470 1048 593 1131 λέγειν’
618 1051 648 1113 εί
666 1042 697 1112 δ’
713 1037 776 1113 οὖν
788 1047 878 1113 ἐστιν
897 1043 941 1124 ὥς
955 1038 1058 1126 οὗτος
1069 1049 1151 1133 ε’ρεῖ,
1174 1044 1260 1115 πολὺ

312 1148 518 1232 δικαιότερον
535 1145 619 1213 εἶναι
636 1151 757 1230 νομίζω
774 1151 1071 1231 καταψηφίσασθαι
1090 1142 1179 1232 ὑμᾶς
1198 1143 1261 1213 αὐ-

269 1265 300 1320 17
311 1258 383 1335 τοῦ,
393 1254 423 1316 εί
428 1244 524 1315 ταῦθ’
539 1242 645 1325 οὕτως
655 1248 752 1313 ἐστίν.
775 1251 806 1313 εί
816 1243 881 1332 γάρ
894 1242 1087 1330 ὀφείλοντος
1099 1245 1262 1332 αὕτῷτοῦ

312 1348 449 1416 πάππου
466 1344 584 1431 πάλαι,
606 1346 662 1412 καί
685 1351 746 1410 τοῦ
762 1343 871 1429 νόμου
887 1343 1082 1422 κελεύοντος
1098 1352 1320 1430 κληρονο-Ῑβλῖ

311 1461 386 1533 μεῖν
396 1450 517 1512 τοῦτον
527 1451 595 1511 τῶν
606 1446 752 1528 ἐκείνου,
770 1450 942 1527 προσῆκον
959 1438 1051 1530 αὐτῷ
1061 1443 1143 1527 μηδὲ
1160 1442 1262 1511 πάλαι

311 1545 501 1630 γράφεσθαι
512 1543 690 1628 γράφεται,
710 1544 765 1610 καὶ
777 1539 832 1608 διά
844 1537 930 1608 τοῦτ’
943 1540 1087 1628 οἰήσεται
1098 1546 1168 1609 δεῖν
1179 1540 1262 1610 άπο-

312 1644 451 1729 φεύγειν
460 1640 512 1708 ὅτι
522 1638 670 1727 πονηρὸς
681 1645 716 1708 ἐκ
727 1650 894 1726 τριγονίας
904 1643 1003 1723 ἐστὶν,
1015 1639 1056 1709 οά
1066 1647 1176 1710 δίκαια
1186 1645 1262 1726 ἐρεῖ,

314 1735 471 1825 άάνδρες
482 1746 640 1809 δικασταί.
676 1738 719 1819 ὡς
731 1734 796 1808 οὖν
813 1742 868 1807 καὶ
878 1737 951 1824 παρ’
964 1738 1069 1807 αὐτοῦ
1080 1748 1263 1825 Θεοκρίνου

313 1839 520 1926 ὁμολογεῖται
531 1845 611 1906 τοῦτ
608 1836 766 1906 ἐἶναι
732 1864 768 1905 το
781 1838 915 1924 ὄφλημα
925 1840 980 1906 καὶ
990 1839 1187 1919 κατετάξατο
1199 1853 1263 1918 τοῖς

314 1933 506 2024 φυλέταις
487 1936 570 2021 νπὲρ
589 1934 694 2004 αὑτοῦ
711 1938 766 2004 καὶ
782 1963 843 2004 του
829 1936 1019 2023 ἀδελφοῦ,
1040 1939 1173 2018 καὶτοῖς
1183 1946 1264 2027 βου-

314 2039 464 2121 λομένοις
486 2033 639 2122 εὐορκεῖν
659 2034 701 2103 οὐ
723 2043 831 2114 καλῶς
853 2041 916 2121 ἔχει
936 2037 1061 2123 ταύτην
1078 2034 1264 2123 άπογιγνά·

314 2156 407 2202 σκειυ
417 2160 478 2220 την
489 2138 644 2220 ἔνδειξιν,
667 2136 749 2221 λαβε
754 2161 811 2221 μοι
822 2162 867 2203 το
871 2135 1002 2222 ψήφισμ
1001 2133 1142 2205 οείπεν
1153 2140 1190 2206 ἐν
1200 2150 1265 2215 τοῖς

271 2240 305 2294 18
315 2233 471 2319 φυλέταις
489 2237 705 2319 Σκιρωνίδης.
739 2232 987 2320 προσελθωνδ
1002 2233 1264 2320 οὑτοσλΘεοκρί-

313 2358 373 2418 νης
394 2330 606 2419 ὡμολόγησεν
627 2331 772 2417 ὀφείλειν
793 2337 849 2402 καὶ
867 2338 1006 2402 ἐκτίσειν
1026 2337 1178 2402 ἐναντίον
1200 2341 1264 2403 τῶν

315 2440 483 2518 φυλετῶν,
503 2431 614 2519 ἐπειδὴ
628 2435 827 2520 προσιόντας
842 2432 929 2520 ἡμᾶς
943 2433 1066 2523 ᾔσθετο
1079 2437 1133 2502 καλ
1143 2443 1265 2521 βουλο-

313 2535 433 2616 μένους
448 2527 634 2618 άντίγραφα
651 2541 719 2600 τεόν
736 2536 772 2602 ἐν
788 2542 836 2623 τῷ
853 2545 1062 2624 γραμματείῳ
1080 2537 1264 2621 γεγραμμέ-

314 2655 384 2695 νων
393 2635 516 2716 λαβεῖν.

675 2739 905 2799 ΨΗΦΙΣΜΑ.

399 2828 495 2894 Πολύ
507 2828 534 2912 γ’
547 2825 599 2915 άυ,
614 2821 642 2896 ά
653 2829 774 2917 άνδρες
782 2827 967 2917 Ἀθηναῖοι,
990 2839 1178 2912 Λεωντίδας
1189 2831 1265 2911 τοὺς

316 2923 566 3011 ἀναγκάσαντας
588 2927 773 2997 ἀποδοῦναι
796 2938 980 3018 Θεοκρίνην
1001 2931 1060 3011 τάς
1081 2932 1161 3001 ἑπτά
1183 2941 1266 3019 μνάς

315 3023 483 3111 ἐπῃνέσατ’
497 3022 540 3092 άν
551 3037 678 3112 μᾶλλον
688 3026 711 3115 η’
721 3037 850 3096 τοῦτον.

272 3124 306 3177 19
404 3127 564 3210 Τεταρτος
586 3135 701 3194 τοίνυν
716 3129 819 3213 νόμος
837 3132 927 3198 ἐστίν
947 3127 1114 3217 (ὁμολογῶ
1123 3130 1188 3216 γάρ
1201 3140 1267 3199 τοῖν

314 3222 421 3312 τούτφ
441 3226 736 3312 πεπραγμένων
700 3255 739 3295 τα
756 3237 890 3297 πλεῖστα
907 3233 1110 3316 ἐξητακέναι)
1132 3229 1209 3313 καθ’
1227 3228 1266 3299 ὃν

302 3290 442 3415 ,ὀφείλει
460 3333 675 3404 πεντακοσίας
693 3327 839 3414 δραχμάς
851 3338 1032 3418 Θεοκρίνης
1050 3328 1181 3416 οὑτοσὶ,
1205 3358 1266 3399 ουκ

316 3419 572 3501 ἐκτετικότος’
531 3434 622 3514 αυτῷ
632 3434 693 3493 τοῦ
704 3427 827 3514 πατρὸς
837 3425 876 3507 άς
892 3437 1091 3516 προσωφλεν
1103 3429 1267 3516 άφελόμε-

316 3541 375 3594 νθς
395 3514 458 3603 τὴν
478 3525 725 3610 Κηφισοδώρου
752 3527 964 3610 θεράπαιναν
991 3535 1037 3608 είς
1058 3533 1265 3613 ἐλευθερίαν,

316 3610 400 3682 άλλά
379 3618 667 3736 διοικησαμένου
683 3625 765 3710 πρὸς
775 3627 1002 3712 Κτησικλέα
969 3656 1029 3697 τον
1041 3630 1264 3715 λογογράφον,

316 3708 352 3790 ὃς
369 3741 413 3802 ην
431 3719 483 3783 ἐπὶ
498 3733 564 3798 τοῖς
580 3729 647 3790 τῶν
665 3725 844 3793 άντιδίκων
859 3726 1067 3814 πράγμασιν,
1091 3727 1175 3796 ὥστε
1192 3723 1265 3813 μήτ’
