3159 4409
533 507 674 572 ΚΑΤΑ
706 510 1022 573 ΘΕΟΚΡΙΝΟῬ.
1179 506 1243 577 259

292 699 371 758 ρον,
383 670 465 739 ἄλλα
478 667 601 739 καὶτὸν
615 665 734 755 ἀρτίως
750 669 1011 755 ἆναγνωσθέντα
1022 671 1244 762 παροβέβηκε,

291 774 347 840 καὶ
359 768 691 857 καταμεμαρτύρηκεν
701 767 808 837 αύτού
823 771 929 856 μηθὲν
940 768 1029 856 ὑγιὲς
1042 771 1123 857 μήτε
1134 774 1244 858 λέγειν

249 885 283 939 13
291 872 373 957 μήτε
384 870 546 956 πράττειν.
563 876 611 948 τίς
623 866 859 959 γύρύνπαρελς
870 867 907 936 τό
917 868 1243 955 όικαίωςπροίττοντα

292 976 406 1054 λαβεῖν
417 966 453 1036 τό
465 972 564 1055 μέρος
574 965 823 1056 τῶνχρημύτων
830 968 912 1035 κατὰ
919 965 979 1035 τόν
990 967 1111 1055 νόμον,
1125 972 1242 1037 διαλυ-

292 1067 434 1152 σάμενος
449 1067 619 1155 ἐβουλήθη
635 1065 738 1154 μικρίι
746 1071 904 1154 κερδᾶναι
915 1069 968 1136 καλ
980 1068 1110 1148 τούτοις
1126 1068 1241 1155 ἔνοχον

292 1164 397 1234 αύτὸν
407 1174 607 1253 καταστῆσαι
616 1179 683 1244 τοῖς
698 1163 828 1253 νόμοις,
845 1164 937 1252 ἐξόν,
957 1165 1039 1253 ὅπερ
1060 1165 1179 1251 ἀρτίως
1195 1165 1242 1235 εί-

292 1290 374 1350 πον,
398 1267 438 1333 τὰ
459 1263 559 1353 ἡμίση
576 1271 646 1334 τῶν
661 1267 863 1352 φανθέντων
877 1273 1006 1351 λαβεϊνς
1033 1263 1109 1361 ούιλ’
1121 1263 1164 1333 ι’ίν
1185 1262 1241 1350 εἷς,

293 1357 453 1448 ῶόίνόρες
470 1364 638 1450 δικασταί,
658 1359 702 1448 μὴ
721 1360 762 1430 ού
775 1360 936 1442 συνειδὼς
952 1365 1057 1454 ἑαυτῷ
1069 1383 1242 1450 συκοφαν-
1250 1374 1317 1429 13‘26

289 1488 411 1530 τουντι.

248 1580 282 1634 14
373 1558 448 1630 Δύο
462 1557 523 1643 μὲν
532 1562 648 1624 τοίνυν
659 1548 751 1623 οὗτοι
761 1555 860 1642 νόμοι
872 1559 955 1625 εἰσὶν
975 1559 1036 1641 οὓς
1054 1561 1243 1646 παραβέβη-

291 1684 350 1726 κεν
362 1655 379 1724 ὁ
391 1657 468 1734 τούς
480 1656 602 1734 ἄλλους
612 1653 817 1741 παρανόμων
833 1656 1059 1742 γραφόμενος·
1081 1657 1196 1740 ἕτερον
1206 1658 1242 1724 δὲ

290 1762 418 1841 τρίτον,
434 1752 471 1832 ὃς
489 1750 608 1839 ὁμοίως
618 1753 747 1821 κελεύει
761 1753 844 1821 κατύ
855 1780 890 1821 τε
900 1761 969 1821 τῶν
980 1751 1184 1840 ὀφειλόντων
1194 1760 1240 1845 τῷ
1264 1815 1273 1839 Ι

290 1859 438 1945 δημοσίφ
455 1852 514 1933 τοὶς
531 1857 682 1934 ἐνδείξεις
697 1849 757 1921 τόν
774 1852 984 1940 βουλόμενον
994 1860 1160 1928 πολεῖσθαι
1172 1861 1239 1921 τῶν

289 1959 444 2037 πολιτῶν,
463 1955 518 2021 καὶ
531 1951 590 2020 ἐόν
599 1950 663 2032 τις
671 1951 788 2041 ὀφείλῃ
804 1962 845 2042 τῇ
861 1951 987 2043 Ἀθηνᾷ
1008 1948 1031 2040 ἢ
1046 1958 1114 2021 τῶν
1128 1952 1240 2020 ἄλλων

288 2061 382 2122 θεῶν
397 2047 420 2136 ἢ
436 2059 505 2119 τῶν
520 2050 704 2137 ἐπωνύμων
721 2077 777 2142 τω.
810 2049 1026 2140 ύφανήσεται
1037 2045 1134 2132 ούτος
1146 2045 1239 2137 όφεί-

288 2161 357 2222 λων
368 2153 422 2219 καὶ
433 2148 495 2218 ούκ
505 2148 673 2229 ἐκτετικῶς
685 2152 880 2230 ἑπτακοσίας
895 2148 1057 2237 δραχμὰς,
1076 2148 1115 2228 ύίς
1128 2143 1240 2235 ὦφλεν

289 2255 326 2320 ἐν
340 2263 409 2327 ταῖς
427 2246 590 2326 εὐθύναις
603 2257 650 2336 τῷ
667 2250 831 2338 ἐπωνύμῳ
849 2257 907 2332 τῆς
918 2246 1023 2317 αὑτοῦ
1035 2255 1151 2334 φυλῆς,
1186 2253 1242 2315 καί

288 2377 344 2439 μοι
354 2353 428 2436 λέγε
438 2344 523 2416 τοῦτ’
537 2345 619 2414 αὐτὸ
631 2354 691 2414 τοῦ
703 2348 820 2433 νόμου.
839 2365 841 2368 ⁴

677 2452 853 2513 ΝΟΜΟΣ.

247 2569 279 2622 15
368 2548 521 2634 Ἐπίσχες.
553 2543 716 2631 Ιοἰκούεις,
744 2543 873 2625 ούτοσίς
917 2550 951 2612 τί
969 2546 1072 2629 λέγεις
1109 2537 1152 2628 “ίγ’
1173 2548 1241 2608 τῶν

253 2685 255 2695 ·
285 2647 493 2736 “ἐπωνύμων
513 2641 591 2736 τφ.”
642 2648 715 2730 λέγε
746 2641 785 2730 δὴ
809 2641 872 2729 την
891 2651 959 2711 τῶν
979 2648 1133 2728 φυλετῶν
1155 2666 1240 2726 μαρ-

287 2757 412 2835 τυρίαν.

246 2837 249 2845 “
640 2850 880 2912 ΜΛΡΤνΡιΑ.

257 2945 264 2952 ”
378 2946 467 3031 Ταχύ
475 2944 501 3031 γ’
515 2944 558 3014 όν
570 2937 684 3028 οὗτος,
697 2936 725 3012 ῶ
735 2941 855 3030 ἄνδρες
867 2944 1030 3028 δικασταὶ,
1046 2937 1240 3026 ἀνθρώπων

288 3044 411 3130 ὀλίγων
432 3052 640 3128 φροντίσειεν
661 3039 684 3129 ἢ
704 3051 773 3111 τῶν
795 3041 856 3111 τόν
872 3050 1027 3110 πλείστου
1042 3036 1240 3124 τοῦχρόνου

287 3142 476 3227 πλεόντων,
494 3140 606 3227 ῶσπερ
623 3139 791 3228 ὁΜίκων,
811 3141 900 3221 ὅστις
911 3140 988 3218 τούς
1000 3142 1143 3224 φυλέτας
1153 3161 1240 3221 παρ-

287 3244 386 3322 όντας
397 3239 463 3310 οὔτ’
476 3245 602 3309 ἔδεισεν
612 3238 679 3309 ούί
691 3239 861 3330 ᾐσχύνθη,
879 3247 977 3308 τοῦτο
989 3236 1050 3323 μὲν
1061 3233 1167 3314 οὕτως
1177 3232 1240 3302 αύ-

286 3351 355 3412 τῶυ
371 3340 411 3410 τύ
429 3339 526 3410 κοινοὶ
545 3340 713 3428 διοικήσας
732 3339 804 3408 ὥστ’
824 3344 971 3415 ἐκείνους
987 3335 1115 3422 κλοπήν
1135 3332 1240 3403 αὐτοῦ

286 3448 513 3528 καταγνῶναι,
536 3448 635 3509 τοῦτο
654 3439 686 3508 δ’
699 3437 818 3526 όφλῶν
834 3440 887 3506 καὶ
909 3435 987 3515 τούς
1007 3434 1131 3522 νόμους
1142 3432 1239 3518 ἄκρι-

286 3549 353 3629 βῶς
371 3539 466 3621 είδῶς
488 3539 538 3608 ότι
559 3541 750 3610 κωλύουσιν
770 3535 875 3605 αὐτόν
899 3534 1088 3623 γράφεσθαι
1108 3531 1239 3620 γραφὰς

287 3643 348 3721 ἕως
359 3636 402 3708 όν
413 3644 540 3729 ἐκτίση,
553 3641 763 3728 βιαζόμενος,
787 3638 841 3704 καί
854 3641 997 3721 νομίζων
1008 3638 1078 3702 δεῖν
1088 3630 1167 3707 τούς
1177 3626 1239 3713 μὲν

286 3740 408 3819 ἄλλους
420 3737 498 3818 τούς
509 3737 705 3827 ὀφείλοντας
716 3735 857 3824 μηδενὸς
869 3739 1013 3822 μετέχειν
1021 3740 1092 3885 1τῚῶμ
1102 3732 1237 3811 κοινῶν,
