3159 4409
313 487 376 551 140
510 482 1059 562 κειτωαωοεοααονῑ]
1101 561 1105 566 ,

314 632 470 736 δόμευοςξ
493 646 653 733 δάνεισμα
669 658 807 712 ποιεῖται
825 647 892 733 ίδίᾳ
909 642 988 726 παρ’
1000 641 1141 721 ἑκάστου
1150 642 1264 714 αὐτῶν
1272 661 1325 717 118λ

313 746 370 827 τάς
388 744 467 816 ἑπτά
484 753 568 832 μνᾶς
585 747 640 814 καὶ
655 740 855 828 ὑποτίθησιν
872 739 1057 827 αύτοίςτην
1067 740 1205 835 οὐσίαν,
1224 740 1265 823 ἀς

269 866 302 920 13
313 854 379 914 νῦν
389 841 512 924 αύτούς
523 842 700 926 ἀποστερεῖ
707 842 762 909 καὶ
769 841 851 919 τούς
861 839 964 925 ὄρους
974 839 1155 908 ἀνέσπακε·
1176 865 1266 910 παν-

312 945 455 1030 ταχόθεν
473 941 505 1010 δ’
525 940 772 1027 ἀπορούμενος,
794 942 849 1007 καὶ
872 942 910 1007 ἐν
930 937 1035 1024 ἀγῶνι
1055 947 1103 1028 τῶ
1122 947 1266 1030 μεγίστω

312 1042 525 1128 καθεστηκῶς
535 1042 681 1129 περὶτοῦ
692 1039 841 1127 σώματος
853 1037 908 1106 διά
918 1035 955 1107 τό
969 1041 1214 1126 συμβεβηκέναι
1223 1047 1265 1128 τῇ

312 1142 406 1210 πόλει
423 1146 558 1207 τοιαῦτα
574 1139 767 1225 πράγματα,
790 1138 940 1224 ἄμισθον
955 1137 1017 1223 μὲν
1027 1139 1064 1206 τό
1076 1140 1264 1226 στράτευμα

312 1236 558 1308 καταλελύσθαι
574 1231 612 1306 ἐν
629 1244 838 1326 Καλαυρείᾳ,
863 1238 1112 1322 πολιορκεῖσθαι
1128 1239 1164 1306 δὲ
1180 1237 1265 1316 ’τούς

312 1340 386 1423 περὶ
401 1337 661 1424 Πελοπόννησον
678 1335 869 1423 συμμάχους
889 1332 956 1404 ύπό
977 1341 1276 1422 Λακεδαιμονίων,

311 1436 586 1522 κατηγορούντων
604 1435 640 1504 δὲ
656 1443 776 1504 τοῦτον
794 1445 900 1504 αίτιον
914 1434 999 1503 εἶναι
1014 1442 1072 1521 τῆς
1092 1434 1264 1520 παρούσης

311 1534 443 1622 ἀτυχίας
452 1533 655 1622 Ἰφικράτους
667 1537 722 1603 καί
728 1534 990 1619 Καλλιστράτου,
1003 1539 1051 1602 ἔτι
1061 1531 1097 1600 δὲ
1104 1541 1174 1600 τῶν
1182 1531 1264 1618 ἀφι-

311 1639 505 1720 κνουμένων
527 1633 592 1703 ἀπὸ
614 1634 856 1721 στρατεύματος
872 1630 1147 1720 ἀπαγγελλόντων
1163 1634 1200 1699 ἐν
1215 1633 1262 1720 τῷ

311 1734 404 1824 δήμω
414 1734 476 1820 τὴν
489 1741 663 1818 παροῦσαν
674 1723 805 1802 ἔνδειαν
815 1735 870 1799 καί
879 1729 1038 1818 ἀπορίαν,
1053 1732 1094 1798 τὰ
1105 1733 1206 1799 δὲκαὶ
1217 1726 1259 1798 δι’

278 1852 281 1860 “
313 1834 494 1899 ἐπιστολῶν
511 1830 650 1899 ἑκάστου
668 1834 930 1916 πυνθανομένου
946 1826 1035 1912 παρά
1052 1837 1121 1897 τῶν
1131 1836 1265 1902 οἰκείων

312 1931 367 1997 καὶ
381 1932 573 2015 ἐπιτηδείων
591 1926 634 2007 ῶς
652 1934 824 1997 διέκειντο·
849 1921 898 1996 ῶν
914 1925 1093 2008 ἀκούοντες
1114 1926 1264 2014 ύμεῑςέυ

311 2035 359 2116 τῶ
376 2025 469 2117 δήμω
485 2024 559 2094 τότε
578 2024 815 2114 ἀναμνήσθητε
833 2034 904 2107 πῶς
919 2027 1056 2107 ἕκαστος
1072 2031 1146 2114 περὶ
1157 2026 1263 2096 αύτοῦ

270 2123 630 2212 14τηνγνῶμηνείχεν·
653 2124 695 2194 ού
704 2125 769 2212 γάρ
782 2125 930 2211 άγνοείτε
940 2129 981 2194 τά
992 2128 1162 2213 λεγόμενα.
1185 2129 1263 2215 μίλ-
1311 2146 1316 2152 ’

312 2232 380 2306 λων
390 2230 506 2291 τοίνυν
516 2233 692 2292 καταπλεῖν
702 2227 755 2294 ἐπὶ
764 2223 828 2312 τὴν
837 2234 947 2308 κρίσιν
956 2229 993 2294 ἐν
1001 2233 1192 2316 Καλαυρείᾳ
1203 2231 1263 2296 δα-··

311 2326 447 2402 νείζεται
464 2326 568 2406 χιλίας
584 2321 730 2409 δραχμάς
746 2325 837 2407 παρά
844 2323 1063 2411 Ἀντιφάνους
1072 2333 1133 2393 τοῦ
1141 2337 1263 2413 Λαμπ-
1294 2374 1296 2381 ·

311 2423 428 2505 κρέως,
451 2415 487 2499 ὃς
504 2422 634 2489 ἐπέπλει
645 2428 760 2508 ταμίας
772 2430 981 2513 Φιλίππωτῷ
991 2422 1185 2514 ναυκλήρῳ,
1207 2429 1263 2494 ἵνα

312 2523 439 2603 διαδοίη
456 2532 524 2597 τοῖς
533 2527 703 2600 Βοιωτίοις
719 2523 942 2608 τριηράρχοις,
965 2526 1019 2590 καί
1028 2527 1263 2609 παραμένωσιν

300 2614 372 2696 ’ἕως
391 2613 434 2685 ἀν
451 2617 543 2708 αύτῷ
559 2616 580 2705 ἡ
596 2627 704 2705 κρίσις
715 2623 863 2708 γένηται,
888 2623 943 2688 καὶ
953 2621 997 2708 μη
1009 2631 1263 2691 καταλυθεισιν

312 2715 476 2801 πρότερον
494 2723 563 2784 τῶν
578 2725 748 2785 Βοιωτίων
768 2721 914 2806 τριήρων
933 2722 989 2788 καὶ
1010 2723 1264 2791 διαπελθόντων

311 2815 475 2900 πρότερον
500 2822 569 2882 τῶν
595 2828 807 2903 στρατιωτῶν
826 2827 953 2905 μᾶλλον
974 2819 1065 2911 αὐτῶ
1085 2820 1264 2908 όργιΐησθε

268 2910 412 2998 15ύμείς.
445 2916 480 2979 οί
494 2913 555 2997 μὲν
571 2910 636 3000 γάρ
657 2926 786 2985 πολῖται
802 2916 972 3003 ἠνείχοντο
989 2928 1264 3000 κακοπαθοῦντες

311 3013 366 3079 καὶ
376 3014 575 3097 παρέμενον·
600 3018 634 3081 ολ
643 3014 679 3082 δὲ
687 3018 825 3083 Βοιωτοὶ
837 3014 899 3083 ούκ
910 3021 1039 3101 ἔφασαν
1048 3033 1262 3106 παραμενεῖν,

312 3116 341 3177 εί
358 3110 402 3195 μή
419 3135 468 3187 τις
478 3109 589 3190 αύτοίς
600 3113 661 3198 τὴν
671 3111 751 3180 καθ’
763 3111 893 3200 ἡμέραν
903 3116 1033 3202 τροφὴν
1044 3118 1153 3186 δῶσοι.
1188 3118 1262 3187 τότε

297 3256 299 3261 -
311 3200 374 3273 ούν
384 3207 647 3294 ἀναγκαζόμενος
656 3216 836 3292 δανείζεται
844 3211 901 3293 τάς
908 3221 1011 3299 χιλίας
1017 3214 1162 3302 δραχμάς
1170 3212 1260 3301 παρά
1269 3221 1325 3278 1189

310 3311 371 3370 τοῦ
387 3303 619 3395 Ἀντιφάνους,
643 3307 679 3388 ὃς
700 3313 832 3378 ἐπέπλει
854 3311 1020 3397 ταμιεύων
1040 3320 1192 3405 Φιλίππῳ
1214 3323 1263 3406 τῷ

310 3405 503 3494 ναυκλήρῳ,
525 3410 580 3474 καί
598 3412 712 3477 δίδωσι
723 3416 771 3498 τῷ
780 3415 928 3498 Βοιωτίῳ
939 3410 1074 3497 άρχοντι
1084 3420 1153 3478 τῶν
1161 3421 1259 3482 νευ.

269 3510 302 3564 16
310 3499 420 3588 ἐπειδὴ
439 3502 469 3570 δ’
488 3503 624 3590 ἀφίκετο
641 3510 759 3592 δεῦρο,
782 3505 934 3595 ἀπῄτουν
951 3507 1083 3577 αύτόνό
1093 3535 1128 3577 τε
1140 3519 1261 3580 Φίλιπ-

309 3625 370 3682 πος
384 3605 440 3670 καί
449 3600 645 3691 Ἀντιφάνης
660 3603 719 3698 τάς
734 3613 838 3691 χιλίας
856 3606 1002 3693 δραχμάς
1020 3605 1058 3686 ἀς
1068 3611 1259 3676 ἐδανείσατο

306 3704 344 3768 ἐν
352 3708 559 3792 Καλαυρείᾳ,
570 3705 636 3771 καὶ
652 3701 862 3789 ἠγανάκτουν
882 3705 932 3774 ότι
952 3703 1000 3795 ού,
1011 3706 1094 3792 ταχύ
1107 3704 1259 3793 ἀπελάμ-
