3159 4409
550 499 693 562 Πεοε
710 498 1010 577 Λεωιικειιιι.
1211 501 1256 566 ω

303 659 392 748 ταφὴ
405 663 535 746 ἐγένετο
547 659 649 748 αύτῷ,
663 664 901 746 πορευομένων
910 659 1007 748 ἡμων
1020 666 1066 741 είς
1076 661 1116 731 τά
1127 663 1255 752 κτήμα-
1305 697 1312 707 ‘

304 787 345 828 τα
356 757 410 828 διόι
422 757 460 827 τό
473 759 598 827 άπαιδά
609 785 644 827 τε
654 757 715 826 τόν
732 759 839 843 ἄνδρα
856 762 912 828 καί
924 760 1057 848 άγαμον
1066 771 1256 850 τετελευτη·

305 862 416 943 κέναι,
429 863 543 945 ἐξῆγεν
554 855 572 926 ὁ
584 858 799 943 Λεώστρατος
816 857 928 927 οὑτοσί
942 860 1082 946 φάσκων
1092 859 1198 928 αὑτοῦ
1209 861 1258 931 εἶ-

305 983 369 1025 ναι.
398 961 452 1026 καὶ
468 959 504 1025 τό
523 955 584 1043 μὲν
601 971 707 1025 ποιεῖν
718 983 750 1024 τι
765 965 834 1024 τών
847 962 1072 1045 νομιζομένων
1090 958 1255 1028 ἐκώλυσεν

303 1057 445 1147 ἡμάςτῷ
456 1057 712 1144 τετελευτηκότι,
734 1055 843 1143 πατὴρ
862 1053 911 1125 ώυ
928 1055 1030 1137 αύτός
1041 1062 1187 1143 ἐκείνου,
1211 1057 1257 1138 ώς
1296 1106 1297 1110 =

304 1164 368 1244 ἐχει
384 1157 502 1241 λόγον,
518 1162 636 1241 καίπερ
655 1154 754 1234 όντος
771 1156 969 1243 παρανόμου
983 1165 1046 1225 τοῦ
1063 1163 1181 1242 ἔργον·
1209 1165 1256 1248 τῷ

302 1254 366 1342 γάρ
379 1256 479 1341 φύσει
489 1255 561 1323 όντι
573 1257 672 1340 πατρί
687 1264 745 1341 τῆς
755 1263 863 1342 ταφῆς
872 1254 934 1342 τὴν
949 1260 1135 1344 ἐπιμέλειαν
1145 1283 1255 1343 παροι-
1262 1281 1264 1284 ·

304 1360 461 1423 δίδοσθαι
476 1355 597 1434 είκός’
581 1377 687 1440 εστιν,
702 1362 821 1423 ἔπειτα
837 1358 951 1477 μέντοι
967 1359 1106 1434 καὶτοῖς
1122 1383 1140 1423 ο
1142 1362 1256 1435 ίκείοις
1301 1388 1304 1402 =

302 1452 398 1540 ημῖν,
417 1447 465 1521 ώυ
476 1447 519 1539 ἦν
531 1451 696 1539 συγγενὴς
713 1452 797 1521 κατά
817 1457 878 1540 τὴν
890 1461 1025 1540 ποίησιν
1036 1482 1053 1522 ο
1043 1452 1255 1543 τετελευτη-

257 1578 293 1632 33
302 1553 377 1632 κώς.
400 1555 469 1620 έπεί
480 1550 562 1620 δέ
526 1578 566 1618 τα
578 1552 779 1673 νομιζόμενα
789 1554 929 1637 ἐγένετο,
945 1551 1028 1620 κατά
1041 1569 1137 1622 ποῖον
1148 1555 1256 1641 νόμον

302 1666 458 1740 φανεῖται
476 1649 642 1738 ἐρήμου”
621 1675 719 1730 ουτος
737 1659 799 1718 τοῦ
816 1662 912 1720 οῖκον
928 1650 1007 1731 τούς
1018 1653 1186 1738 ἐγγυτάτω
1197 1656 1254 1739 γέ-

301 1778 387 1830 νους
398 1749 482 1838 ἡμᾶς
493 1747 663 1836 ἐξαγαγών
675 1753 711 1818 ἐκ
722 1758 780 1837 τῆς
795 1750 925 1833 ούσίαςς
945 1751 997 1819 ὅτι
1014 1749 1056 1839 νὴ
1068 1761 1136 1820 Δία
1145 1751 1253 1838 πατὴρ

301 1844 348 1938 ἦν
359 1859 421 1918 τοῦ
431 1849 706 1936 τετελευτηκότος.
730 1849 949 1937 ἀπεληλυθώς
959 1850 987 1937 γ’
995 1859 1041 1931 είς
1050 1854 1110 1920 τόν
1121 1859 1254 1943 πατρώ-

304 1977 345 2018 ον
364 1949 459 2018 οἷκον
475 1947 587 2017 καῖ’
548 1953 660 2016 ουκέτι
676 1957 734 2035 τῆς
745 1947 875 2036 ούσίας,
898 1948 947 2037 ἐφ’
961 1943 1228 2040 ᾖέγκατέλιπε
1193 1978 1254 2019 τον

258 2047 392 2131 ςςυίόν,
405 2047 521 2132 κύριος
535 2045 598 2114 ών
622 2053 653 2114 εί
663 2046 750 2114 δέ
709 2074 753 2134 μη
762 2099 771 2132 ,
778 2055 823 2116 τί
836 2075 903 2116 των
913 2050 1028 2135 νόμων
1038 2049 1175 2136 όφελος;
1195 2077 1255 2136 γε·

306 2147 495 2232 νομένης
457 2170 520 2212 ουν
530 2140 588 2231 τῆς
599 2148 802 2267 ἐξαγωγῆς,“
786 2175 842 2215 ινα
853 2146 893 2215 τά
905 2159 1040 2217 πλεῖστα
1050 2157 1253 2237 παραλείπω,

304 2245 464 2370 ἐλάχομεν
480 2242 562 2329 πρός
579 2244 639 2312 τόν
655 2244 799 2331 άρχουτα
817 2273 876 2315 του
895 2246 1037 2334 κλήρου,
1059 2247 1137 2316 ούτε
1152 2248 1253 2338 γόνω,

306 2344 416 2429 ώσπερ
428 2342 532 2428 ειπον,
541 2340 712 2422 ουδενος
691 2369 788 2423 ουτος
795 2371 841 2434 τῳ
827 2345 1147 2431 τετελευτηκότι”
1105 2372 1165 2413 ουτ
1164 2345 1254 2414 ἐίσ-

305 2451 443 2530 ποιητοῦ
455 2445 683 2528 γεγενημένου
694 2441 776 2510 κατὰ
788 2440 868 2521 τούς
880 2444 1014 2528 νόμους.
1034 2441 1115 2528 μετά
1128 2444 1163 2511 δὲ
1172 2451 1254 2511 ταύ-

303 2570 343 2610 τα
360 2542 578 2626 Λεώστρατος
595 2538 710 2608 οὑτοσί
729 2541 1018 2627 παρακαταβάλλει
1035 2537 1080 2618 ώς
1094 2541 1166 2620 υίός
1180 2539 1254 2628 Ἀρ-

303 2642 421 2729 χιάδου
432 2646 572 2726 ἐκείνου,
586 2637 649 2709 ούκ
661 2640 931 2726 ἐπιλογισάμενος
942 2637 1016 2708 οὔδ’
1032 2637 1082 2708 ὅτι
1093 2643 1254 2727 ἐπανελη-
1267 2667 1330 2723 1091

239 2795 245 2815 .
303 2742 404 2811 λύθεν
415 2748 460 2820 είς
470 2740 550 2820 τούς
561 2739 780 2819 Ἐλευσινίους
798 2736 874 2807 οὔδ’
886 2738 936 2808 ὅτι
953 2744 988 2807 oc
1001 2741 1180 2826 εἰσποιητοὶ
1191 2737 1254 2808 ούκ

304 2839 399 2909 αὐτοὶ
409 2837 464 2926 ὑφ’
477 2838 605 2924 αύτών,
623 2837 691 2908 ἀλλ’
704 2837 771 2907 ύπδ
790 2846 860 2907 τών
877 2843 1138 2925 εἰσποιουμένων
1153 2845 1254 2906 καθί-

258 2960 293 3014 35
304 2962 456 3009 στανται·
478 2937 636 3024 άλλάγάρ
653 2938 743 3025 οἶμαι
754 2936 887 3006 ἁπλοῦν
898 2964 929 3005 τι
941 2943 1160 3023 διελογίσατο,
1183 2941 1267 3005 δεῖν’

303 3038 409 3108 αὑτὸν
420 3041 475 3106 καὶ
488 3043 621 3117 δικαίως
632 3042 686 3106 καὶ
699 3040 821 3117 ἀδίκως
837 3037 1063 3125 ἀμφισβητεῖν
1072 3045 1141 3104 τών
1153 3034 1254 3103 άλλυ-

303 3146 414 3224 τρίων.
439 3141 493 3205 καὶ
505 3140 709 3224 πρῶτονμὲν
720 3135 832 3206 ἐλθών
844 3133 911 3216 οἷός
921 3137 946 3205 τ’
958 3130 1003 3225 ἦν
1014 3142 1060 3215 είς
1070 3136 1129 3203 τόν
1137 3133 1253 3218 Ὀτρυ-

305 3241 392 3306 νέων
414 3244 537 3317 πίυακα
557 3236 617 3304 τὸν
644 3233 916 3323 ἐκκλησιαστικὸν
943 3234 1123 3320 ἐγγράφειν
1146 3229 1252 3303 αὑτόν

303 3337 499 3414 Ἐλευσίνιος
509 3333 567 3422 ών,
576 3339 629 3404 καὶ
640 3345 738 3405 τοῦτο
750 3341 908 3427 διῳκεῖτο,
917 3339 1036 3416 ἔπειτα,
1044 3336 1123 3419 πρὶν
1134 3337 1253 3421 ἐγγρα-

306 3443 411 3522 φῆναι
421 3436 475 3503 καὶ
483 3437 518 3502 έν
528 3442 574 3524 τῷ
585 3440 782 3523 ληξιαρχικῷ
787 3439 997 3521 γραμματείῳ
1008 3439 1054 3522 τῷ
1061 3440 1127 3501 τών
1137 3432 1253 3517 Ὀτρυ-

306 3537 408 3618 νέων,
427 3536 572 3619 μετέχειν
588 3541 657 3600 τών
673 3540 814 3617 κοινών,
832 3530 1033 3618 τηλικαύτην
1044 3540 1252 3620 παρανομίαν

257 3655 293 3710 36
306 3632 569 3718 προαιρούμενος
580 3644 785 3717 παρανομεῖν
803 3631 901 3698 ἕνεκα
913 3635 1108 3710 πλεονεξίας.
1131 3626 1249 3696 αἰσθό-

303 3757 400 3820 μενοι
422 3728 453 3797 δ’
475 3728 567 3818 ἡμεῖς
594 3731 775 3817 μαρτύρων
802 3732 953 3798 ἐναντίου
979 3729 1191 3812 ἐκωλύσαμεν
1213 3723 1251 3794 τό
