3159 4409
605 503 914 566 εεαυικοε.
1172 452 1242 568 ωε
1315 587 1322 595 ι

291 667 419 747 ξάντων
430 671 541 754 σαυτῷ
548 691 554 704 ·
570 662 690 732 τούτου
700 662 766 748 γάρ
776 663 873 731 ἕνεκα
885 667 1026 749 διῆλθον
1037 665 1074 731 ἐν
1084 663 1166 751 άρχῇ
1177 672 1237 732 τοῦ

277 766 395 849 ’λόγου
407 761 498 849 κάγῦ
510 763 585 849 περὶ
595 759 722 846 αὐτῶν,
740 759 802 847 οὐχ
813 758 857 840 ὡς
868 764 903 829 ἐκ
913 769 975 829 τοῦ
983 758 1046 847 τὴν
1058 761 1237 847 τὴνφύσιν

291 869 437 933 ἐπαινεῖν
452 859 698 948 ἀνακτήσεσθαί
711 880 748 928 σε
764 864 979 946 προσδοκῶν,
1000 855 1074 929 άλλ*
1086 863 1142 926 ἵνα
1153 867 1237 945 μᾶλ-

291 971 353 1030 λον
372 962 545 1047 προτρέψω
563 980 600 1027 σε
617 956 772 1045 πρόςτὴν
781 960 1003 1044 φιλοσοφίαν,
1024 956 1136 1043 ἐάυμὴ
1147 954 1237 1040 παρὰ

292 1057 413 1146 μικρόν
423 1059 552 1146 ποιήση,
564 1055 638 1143 μηδ’
649 1058 701 1124 ἐπὶ
710 1070 778 1135 τοῖς
788 1053 995 1142 ὑπάρχουσιν
1005 1052 1144 1140 ἀγαθοῖς
1156 1058 1238 1139 μέγα

247 1173 284 1227 52
293 1159 462 1246 φρονήσας
476 1164 544 1225 τῶν
565 1155 753 1242 μελλόντων
775 1153 989 1242 ὀλιγωρήσῃς.
1020 1151 1097 1238 μηδ’
1120 1159 1152 1220 εί
1169 1160 1238 1219 τοῖν
1314 1202 1322 1213 .

292 1257 561 1344 ἐντυγχανόντων
577 1258 733 1339 κρείττων
750 1252 796 1334 εί,
818 1257 921 1339 μηδὲν
935 1259 1004 1319 τῶν
1020 1251 1132 1319 ἄλλων
1153 1250 1239 1337 ζήτει

293 1360 487 1442 διενεγκεῖν,
499 1350 671 1442 άλλίἡγοῦ
682 1351 856 1436 κράτιστον
877 1351 939 1436 μὲν
949 1347 1032 1417 εἶναι
1040 1348 1077 1417 τό
1089 1346 1240 1436 πρωτεύ-

293 1480 342 1521 ειν
360 1456 397 1521 ἐυ
413 1451 532 1537 ἅπασι,
554 1451 677 1520 τοῦτον
694 1447 726 1517 δ’
739 1447 940 1536 ὀρεγόμενον
953 1446 1103 1534 ὀφθῆναι
1113 1455 1240 1533 μάλλον

295 1553 476 1638 συμφέρειν
485 1549 509 1634 ἢ
519 1553 700 1633 προέχοντα
710 1551 748 1616 ἐν
758 1561 825 1626 τοῖς
834 1555 979 1632 τυχοῦσι.
999 1549 1058 1615 ’καὶ
1067 1546 1112 1633 μὴ
1126 1571 1240 1614 καται-

293 1649 416 1735 σχόνης
426 1646 619 1732 τὴνφύσιν,
631 1649 712 1731 μηδὲ
721 1653 912 1732 ψευσθῆναι
922 1647 1060 1736 ποιήσης
1069 1673 1137 1714 τιιν
1147 1648 1240 1713 ἐλπί-

293 1750 362 1814 δων
377 1742 457 1842 τοῦς
473 1747 525 1812 ἐπὶ
541 1746 691 1830 σολμέγα
702 1753 927 1830 φρονοῦντας,
948 1743 1022 1814 ἀλλ’
1035 1743 1240 1830 ὑπερβάλλε-

293 1853 374 1912 σθαι
391 1850 495 1926 πειρῦ
510 1850 552 1930 τῇ
557 1889 559 1894 2
569 1851 694 1910 σαυτοῦ
710 1843 850 1930 δυνάμει
859 1841 921 1930 τὴν
930 1851 998 1912 τῶν
1008 1841 1239 1912 εὐνουστάτων
1246 1849 1314 1908 1417

249 1961 284 2016 53
295 1947 483 2027 ἐπιθυμίαν.
510 1942 573 2008 καί
588 1941 698 2027 νόμιζε
708 1940 787 2020 τοῦς
797 1942 859 2028 μὲν
868 1942 988 2022 άλλους
1000 1941 1135 2028 λόγους,
1158 1940 1239 2009 ὅταν

295 2045 443 2119 ἐπιεικῶς
454 2045 560 2125 ἔχωσι,
574 2053 642 2118 τοῖς
653 2045 782 2108 εἰποῦσι
794 2041 897 2120 δόξαν
906 2043 1120 2127 περιτιθέναι,
1131 2037 1190 2118 τάς
1201 2043 1238 2106 δὲ

295 2144 497 2226 συμβουλίας
509 2153 577 2216 τοῖς
590 2147 774 2206 πεισθεῖσιν
788 2138 950 2224 ὠφέλειαν
965 2138 1125 2224 καίτιμην
1134 2155 1240 2223 προσ-

296 2238 426 2305 άπτειν·
450 2241 506 2305 καὶ
522 2236 582 2315 τάς
598 2236 659 2323 μὲν
675 2239 752 2319 περὶ,
774 2244 843 2304 τῦν
852 2235 963 2303 άλλωυ
984 2243 1104 2321 κρίσεις
1114 2235 1240 2320 τὴνάί-
1324 2261 1329 2278 ‘

296 2345 418 2421 σθησιν
437 2333 480 2421 ἣν
498 2339 621 2420 ἔχομεν
636 2339 770 2419 δηλοῦν,
782 2336 840 2411 τάς
850 2335 886 2401 δὲ
896 2340 965 2400 τῶν
974 2333 1240 2418 ἐπιτηδευμάτων

296 2435 435 2518 αἱρέσεις
450 2434 511 2519 την
523 2432 605 2517 ὅλην
617 2430 721 2516 φάσιν
730 2427 826 2516 ἡμῶν
837 2429 1032 2516 δοκιμάζειν.
1065 2435 1101 2497 ἐν
1112 2425 1161 2508 οἷς
1172 2429 1240 2514 άμα

295 2539 421 2616 κρίνων
434 2529 532 2609 αῦτός
543 2529 766 2616 κρνθησεσθαι
775 2529 945 2616 προσδόκα
957 2529 1046 2615 παρά
1056 2536 1147 2613 πάσι,
1158 2526 1241 2613 κάμέ

295 2629 355 2698 τόν
364 2629 471 2708 οὕτως
486 2628 734 2714 ἐγκωμιάσαντά
749 2648 787 2695 σε
797 2630 933 2713 ἑτοίμης
942 2630 978 2694 ἐν
989 2625 1093 2712 άγῦυι
1102 2626 1241 2712 γενήσε-

251 2716 287 2797 5'4
297 2739 378 2796 σθαι
388 2736 445 2814 τῆς
461 2733 520 2812 σῆς
539 2731 738 2812 δοκιμασίας.
772 2724 815 2792 δι’
836 2723 918 2793 άδεί
926 2729 965 2792 σέ
973 2751 1009 2793 τε
1019 2734 1086 2793 τῶν
1096 2730 1240 2796 ἐπαίνων

296 2825 388 2904 άξιου
404 2825 487 2913 είυαι
505 2823 644 2905 δόξαντα
661 2822 743 2911 κάμὲ
753 2832 810 2911 της
821 2833 880 2911 σῆς
890 2831 1000 2910 φιλίας
1009 2821 1242 2908 ἀνεπιτίμητον

296 2922 390 2990 εἶναι.
422 2923 482 3009 οὐχ
499 2921 592 2991 οὕτω
605 2921 637 2989 δ’
657 2923 700 2989 άν
718 2943 755 2990 σε
771 2922 953 3009 προθύμως
969 2921 1093 3009 ἐπλιην
1104 2929 1242 3006 φιλοσο-

296 3027 379 3107 φίαν
391 3021 615 3106 παρεκάλουν,
629 3026 659 3088 εί
667 3017 711 3105 μὴ
723 3026 779 3105 τῆς
789 3023 850 3107 μὲν
861 3021 993 3101 εὐνοίας
1003 3030 1060 3108 τῆς
1070 3026 1149 3108 ἐμῆς
1162 3028 1243 3087 τοῦ-

294 3143 355 3188 τον
366 3117 409 3185 άν
421 3137 474 3184 σοι
484 3119 661 3186 κάλλιστον
672 3123 794 3205 ἔρανον
804 3127 999 3206 εἰσενεγκεῖν
1011 3119 1120 3212 ᾤμην,
1135 3121 1197 3206 τήν
1207 3122 1243 3187 δὲ

295 3217 394 3286 πόλιν
404 3216 520 3303 έάρωυ
530 3214 583 3284 διά
593 3216 654 3302 μὲν
664 3214 806 3305 άπορίαν
816 3227 883 3287 των
891 3227 1002 3286 καλῦυ
1011 3218 1172 3303 κάγαθῶν
1180 3216 1242 3286 άν-

296 3323 386 3405 δρῦν
395 3330 464 3394 τοῖς
473 3323 611 3401 τυχοῦσι
621 3317 777 3397 πολλάκις
786 3319 970 3404 χρωμένην,
983 3315 1036 3384 διά
1048 3316 1084 3384 δὲ
1094 3315 1243 3396 τάςτοῦ-

295 3442 363 3484 των
381 3414 540 3503 ἁμαρτίας
556 3413 663 3502 αὐτὴν
681 3431 750 3495 ταῖς
768 3424 934 3502 μεγίσταις
951 3413 1095 3501 άτυχίαις
1111 3421 1242 3502 περιπί-

249 3538 284 3591 55
295 3537 452 3584 πτουσαν.
474 3512 513 3583 ἵν’
528 3507 621 3601 οὖνὴ
632 3516 691 3601 μέν
700 3524 758 3601 τῆς
768 3523 828 3600 σῆς
839 3512 963 3600 άρετῆς,
975 3513 1018 3582 σῦ
1028 3513 1064 3581 δὲ
1073 3511 1258 3599 τάν-παρά*

294 3614 531 3700 ταύτηςτιμῦν
544 3611 750 3702 άπολαόσης,
773 3611 1026 3698 προθυμότερόν
1037 3631 1090 3680 σοι
1101 3637 1243 3698 παρεκε-

293 3712 470 3797 λευσάμην.
491 3716 546 3781 καὶ
556 3711 621 3800 γάρ
631 3708 706 3780 οὐδ’
718 3715 770 3780 ἐπὶ
781 3715 833 3782 σολ
844 3718 962 3799 νομίζω
973 3713 1173 3799 γενήσεσθαι
1184 3714 1243 3797 ζῆν

1026 3807 1088 3866 22*
