3159 4409
797 346 803 381 ἰ

311 488 375 551 206
530 488 597 547 nv,
633 482 1054 546 ΔΗΜΟΣΘΕΝΟΓΣ
1157 502 1161 522 ¹

312 649 596 736 ἐξαμαρτάνοντας
615 648 752 731 ἑαυτοῦ,
775 646 832 727 καὶ
848 651 953 713 ταῦτα
965 643 1014 731 ἐφ’
1028 636 1078 712 ὦν
1088 647 1188 722 ἐνίοις
1198 643 1267 711 θά-
1298 620 1303 632 ⁸

313 745 445 835 νατοςὴ
464 752 559 833 ζημία
582 759 701 830 κεῖται,
724 743 806 828 μήτε
825 751 1004 830 φοβείσθω
1021 739 1091 831 μήτ’
1113 742 1277 828 αἰσχύνε-

313 858 411 933 σθαι,
431 853 466 914 τί
479 854 600 914 τοῦτον
611 842 675 913 οὐκ
693 838 737 910 άν
755 841 891 921 εἰκότως
908 854 1032 912 παθεῖν
1043 853 1173 923 οἰεσθε;
1193 839 1265 926 >ἐγω

225 1012 232 1022 ,
311 952 373 1034 μὲν
389 945 453 1032 γάρ
469 943 616 1032 ἡγοῦμαι
632 939 719 1010 ταῦτ’
734 938 819 1008 εἰναι
837 955 953 1027 σημεῖα
970 950 1032 1009 τοῦ
1047 939 1131 1028 μηδὲ
1145 947 1265 1007 τούτου

265 1061 272 1067 “
311 1044 370 1112 τόν
381 1046 501 1113 ἑαυτοῦ
513 1044 637 1124 πατέρα
649 1039 884 1125 αἰσχύνεσθαι·
908 1046 938 1108 εἰ
951 1037 1016 1126 γάρ
1027 1043 1155 1108 ἐκεῖνον
1166 1036 1266 1117 αύτδς

311 1147 402 1228 ἐτίμα
413 1144 468 1209 καί
479 1144 605 1226 ἐδεδίει,
617 1134 683 1207 κάν
691 1135 950 1216 Δτούτουςαὺτόν
960 1137 1063 1224 ἠξίου.
1169 1181 1171 1184 -

268 1278 304 1332 24
394 1239 484 1327 Λαβὲ
496 1239 537 1325 δή
549 1240 670 1325 μοικαὶ
681 1235 760 1316 τούς
776 1236 920 1322 νόμους,
938 1236 998 1305 τόν
1014 1264 1050 1305 τε
1065 1245 1125 1324 τῆς
1137 1236 1267 1323 ὕβρεως

310 1342 366 1409 καί
381 1337 441 1407 τὸν
458 1339 532 1423 περὶ
543 1345 612 1404 τοῖν
627 1341 847 1404 λωποδυτῶν·
869 1339 924 1403 καί
934 1334 999 1420 γάρ
1014 1337 1144 1415 τούτοις
1155 1335 1268 1422 άμφο-

311 1442 416 1524 τέροις
427 1437 563 1522 ἐνόχους
572 1434 714 1514 τούτους
725 1433 861 1515 ὄψεσθε.
884 1438 968 1521 λέγε.

709 1541 874 1602 ΝΟΜΟΙ.
975 1575 977 1577 >

402 1635 622 1715 Τούτοιςτοῖς
637 1634 754 1721 νόμοις
770 1631 971 1720 ἀμφοτέροις
994 1636 1030 1701 ἐκ
1050 1641 1120 1702 τῶν
1137 1657 1267 1716 πεπρα-

314 1737 444 1821 γμένων
461 1742 574 1820 ἐνοχος
587 1735 715 1802 Κόνων
732 1736 822 1801 ε’στίν
839 1730 967 1800 οὑτοσί·
995 1734 1050 1800 καί
1067 1732 1131 1817 γάρ
1153 1730 1266 1819 ὕβριζε

314 1837 368 1902 καί
386 1834 594 1901 ἐλωποδύτει.
629 1839 659 1900 εἰ
675 1834 710 1900 δὲ
726 1831 770 1918 μὴ
788 1830 872 1900 κατά
894 1832 1034 1912 τούτους
1055 1832 1264 1919 προειλόμεθ’

313 1931 405 2020 ἡμεῖς
420 1939 515 2017 δίκην
525 1931 725 2018 λαμβάνειν,
742 1926 834 2016 ἡμεῖς
846 1930 906 2016 μὲν
918 1929 1130 2017 ἀπράγμονες
1139 1935 1196 1999 καί
1206 1936 1265 2019 μέ-

313 2057 399 2118 τριοι
410 2029 598 2116 φαινοίμεθ’
611 2025 654 2097 άν
665 2030 810 2114 εἰκότως,
823 2023 920 2109 οὗτος
931 2029 962 2098 δ’
976 2029 1097 2117 ὁμοίως
1107 2030 1264 2118 πονηρός.

269 2148 302 2200 25
313 2131 368 2197 καί
378 2128 444 2215 μὴν
454 2134 484 2196 εἰ
493 2138 616 2196 παθεῖν
625 2133 660 2194 τί
669 2153 725 2213 μοι
737 2130 872 2214 συνέβη,
885 2129 996 2212 φόνον
1007 2131 1062 2197 καί
1076 2136 1145 2197 τῶν
1157 2134 1266 2198 δεινο-

313 2229 421 2296 τάτων
439 2223 482 2294 άν
497 2221 542 2313 ἦν
558 2224 727 2305 ὑπόδικος.
759 2225 820 2294 τόν
836 2236 923 2313 γούν
939 2236 997 2314 τῆς
1012 2231 1265 2315 Βραυρωνόθεν

313 2331 431 2411 ἱερείας
444 2330 567 2411 πατέρα
585 2322 862 2412 ὁμολογουμένως
879 2324 940 2412 οὐχ
956 2325 1129 2413 ἁψάμενον
1138 2337 1202 2397 τού
1210 2355 1266 2398 τε·

313 2425 549 2511 λεντήοαντος,
571 2424 622 2493 ότι
638 2434 685 2516 τῷ
703 2426 883 2505 πατάξαντι
906 2427 1043 2494 τύπτειν
1062 2429 1277 2514 παρεκελεύ-Ι

314 2543 410 2609 σατο,
433 2526 585 2611 ἐξέβαλεν
600 2522 621 2611 ἡ
638 2523 744 2612 βουλὴ
757 2525 778 2611 ἡ
789 2528 823 2604 ἐξ
831 2522 959 2608 Ἀρείου
970 2526 1089 2612 πάγου.
1114 2531 1264 2607 δικαίως·

305 2616 344 2692 ἐἰ
352 2623 416 2713 γάρ
428 2629 462 2692 οἰ
471 2624 634 2710 παρόντες
647 2623 794 2693 ἀντὶ-τού
803 2625 948 2693 κωλύειν
957 2621 1069 2712 τούςῆ
1084 2623 1123 2692 δι’
1136 2623 1266 2713 οἰνονῆ

248 2762 254 2776 ·
315 2721 353 2790 δι’
361 2720 497 2809 ὀργὴνῆ
507 2721 566 2789 τιν’
573 2721 679 2809 άλλην
689 2729 799 2791 αἰτίαν
810 2724 1046 2810 ἐξαμαρτάνειν
1056 2728 1266 2810 ἐπιχειροῦν-

314 2849 371 2900 τας
382 2819 475 2889 αύτοί
485 2827 742 2908 παροξυνοῦσιν,
758 2820 885 2909 οὐδεμί’
898 2825 987 2891 ἐστίν
997 2826 1087 2902 ἐλπὶς
1099 2833 1267 2910 σωτηρίας

313 2929 361 3010 τῷ
372 2925 600 3005 περιπίπτοντι
610 2936 676 3000 τοῖς
685 2920 952 3008 ἀσελγαίνουσιν,
968 2921 1036 2991 ἀλλ’
1044 2925 1106 3001 ἕως
1116 2918 1160 2990 άν
1172 2921 1266 2992 άπεί-

315 3038 432 3102 πωσιν,
448 3015 643 3107 ὑβρίζεσθαι
654 3019 806 3104 ὑπάρξει·
830 3021 911 3109 ὅπερ
924 3025 995 3109 ἐμοί
1005 3025 1140 3109 συνέβη.

270 3153 305 3207 25
389 3114 430 3182 uA
443 3123 574 3202 τοίνυν,
587 3117 638 3187 ὅθ’
651 3118 672 3207 ἡ
685 3126 791 3187 δίαιτα
805 3125 962 3207 ἐγίγνετο,
975 3124 1128 3207 ἐποίουν,
1139 3122 1319 3209 βούλο-Βλ

315 3236 374 3298 μαι
388 3214 471 3298 πρὸς
486 3213 573 3302 ύμοῖς
589 3224 708 3286 εἰπεῖν·
732 3224 787 3288 καί
803 3220 868 3307 γάρ
884 3224 920 3290 ἐκ
937 3221 1067 3288 τούτων
1085 3218 1148 3308 τὴν
1167 3220 1267 3291 άσέλ·

314 3337 408 3396 γειαν
420 3316 587 3384 θεάσεσθε
597 3316 732 3386 αὐτῶν·
752 3321 911 3406 ἐποίησαν
924 3318 1062 3413 μὲνγὰρ
1078 3322 1140 3398 ἔξω
1154 3322 1267 3407 με’σων

315 3421 447 3479 νυκτοίν
457 3413 518 3500 τὴν
529 3414 631 3503 ύραν,
644 3417 722 3485 οὔτε
734 3417 793 3498 τάς
808 3425 989 3506 μαρτυρίας
999 3417 1266 3504 ἀναγιγνώσκειν

314 3513 487 3592 ἐθέλοντες
503 3511 587 3583 οὔτε,
598 3513 787 3604 ἀντίγραφα
803 3517 949 3604 διδόναι,
959 3525 1028 3585 τῶν
1039 3538 1075 3585 τε
1086 3517 1266 3606 παρόντων

314 3606 394 3696 ἡμῖν
405 3607 480 3678 καθ’
494 3612 552 3679 ἕνα
564 3611 683 3685 ούτωσί
695 3616 777 3704 πρὸς
785 3615 845 3685 τόν
854 3625 953 3685 λίθον
961 3616 1098 3704 άγοντες
1108 3620 1164 3687 καί
1173 3621 1266 3704 ἐξορ-

315 3715 468 3797 κίζοντες,
475 3714 532 3779 καί
539 3713 724 3801 γράφοντες
732 3723 912 3804 μαρτυρίας
922 3717 1022 3786 οὐδὲν
1036 3716 1120 3805 πρὸς
1129 3716 1166 3787 τό
1178 3723 1266 3804 πρᾶ-
