3159 4409
310 512 374 577 εον
524 516 591 573 τοι.
613 503 1050 590 [ΔΗωοΣοεΝονεη

311 666 471 760 ὑβρίσθαι
494 671 676 759 ἡγούμενος
696 671 1002 754 καὶέξηπατῆσθαι,
1025 669 1178 755 ἐκβάλλει
1198 667 1261 755 την

310 769 495 855 ἀνθρωπον
515 767 558 849 ὡς
585 766 739 838 ἐνιαυτὸν
756 765 956 852 συνοικήσας
976 764 1077 853 αὐτῇ,
1098 774 1260 850 κυοῦσαν,

267 891 302 944 52
311 871 366 937 καὶ
377 868 438 954 την
448 878 569 953 προῖκα
581 866 643 934 οὐκ
653 864 843 935 ἀποδίδωσι.
878 864 1035 949 λαχόντος
1048 867 1084 932 δὲ
1101 871 1164 932 τοῦ
1175 873 1261 932 Στε-

311 967 423 1052 φάνου
443 963 535 1055 αὐτῷ
553 970 649 1052 δίκην
666 969 759 1033 σίτου
777 970 823 1043 είς
837 961 978 1032 Ὠιδεῖον
989 963 1072 1031 κατά
1083 962 1144 1032 τόν
1155 963 1261 1049 νόμον

310 1061 347 1143 ὃς
364 1061 506 1146 κελεύει,
530 1063 589 1130 έάν
609 1062 785 1148 ἀποπέμπῃ
805 1060 867 1147 τὴν
884 1075 1041 1147 γυναῖκα,
1063 1059 1260 1131 ἀποδιδόναι

309 1160 371 1247 τὴν
383 1175 529 1248 προῖκα,Ι
541 1159 601 1229 έάν
612 1161 647 1229 δὲ
656 1158 717 1248 μὴ,
739 1157 791 1228 ἐπ’
804 1158 891 1228 ἐννέ’
904 1158 1035 1247 ὀβολοῖς
1050 1170 1261 1247 τοκοφορεῖν,

311 1262 367 1328 καὶ
380 1267 472 1329 σίτου
489 1266 534 1340 είς
552 1259 693 1328 Ὠιδεῖον
710 1259 794 1327 είναι
805 1259 1005 1326 δικάσασθαι
1022 1257 1106 1347 ὑπὲρ
1117 1267 1176 1346 τῆς
1197 1285 1262 1345 γυ-

311 1356 425 1437 ναικὸς
445 1367 491 1448 τιβ
515 1367 635 1449 κυρίφ,
680 1357 841 1446 γράφεται
862 1355 879 1424 δ
901 1359 1064 1444 Φράστωρ
1084 1361 1263 1444 Στέφανον

219 1477 224 1482 ’
311 1453 445 1524 τουτονὶ
469 1454 604 1542 γραφὴν
631 1454 714 1557 πρὸς
737 1455 816 1536 τούς
832 1454 1057 1541 θεσμοθέτας,
1083 1456 1326 1544 Ἀθηναῖονιοω

311 1553 393 1622 ὅντα
411 1559 504 1642 ξένης
519 1558 689 1642 θυγατέρα
704 1554 796 1646 αὐτῷ
811 1559 970 1642 ἐγγυῆσαι
987 1552 1031 1633 ὡς
1048 1552 1140 1645 αὐτῷ
1156 1578 1261 1639 προσ·

311 1650 477 1738 ήκουσαν,
499 1652 582 1721 κατά
595 1652 655 1721 τδν
666 1653 772 1740 νόμον
782 1659 923 1721 τουτονί.
956 1660 1013 1720 καί
1020 1679 1076 1740 μοι
1087 1652 1262 1741 ἀνάγνωθι

312 1745 423 1817 αὐτόν.
924 1828 926 1835 Α

697 1857 873 1918 ΝΟΜΟΣ.

352 1959 471 2041 [Ἐάν
488 1969 522 2031 δέ
540 1993 583 2045 τις
605 1969 682 2054 ἐκδῷ
698 1971 785 2072 ξένην
802 1978 931 2053 γυναῖκα
949 1967 1058 2082 ἀνδρί’
1053 1977 1192 2074 Αθηναί
1179 1998 1203 2035 ω
1221 1967 1260 2048 ἀς

348 2048 442 2130 ἕαυτηδ
462 2033 688 2132 προσήκουσαν,
711 2049 813 2153 άτιμος
834 2057 921 2157 ἔσται,
945 2058 996 2119 και
1016 2085 1036 2139 η
1061 2050 1147 2120 οάσία
1169 2052 1260 2119 αὐτοῦ

348 2134 473 2211 δημοσία
487 2137 576 2236 ἔστω,
601 2136 652 2198 καὶ
669 2160 722 2199 του
708 2131 902 2214 έλοντος
872 2163 911 2203 το
891 2143 968 2283 ἷτρί
965 2164 1017 2204 τον
1032 2141 1128 2222 μέρος.
1142 2142 1260 2243 γραφέ·

347 2223 433 2375 ἔθων
443 2217 481 2376 ι]δὲ
498 2242 572 2300 προς
587 2214 655 2295 τούς
670 2218 905 2301 θεσμοθέταςί
874 2245 918 2299 ος
935 2225 1041 2304 ἔξεστι,
1063 2220 1246 2306 καθάπερ
1213 2249 1261 2304 της

365 2303 410 2363 ενί
409 2325 443 2377 ας

267 2439 301 2492 53
393 2425 461 2492 Τὸν
488 2452 550 2513 μεν
578 2432 695 2495 τοίνυν
717 2427 824 2516 νόμον
851 2428 980 2515 ἀνέγνω
1012 2428 1094 2516 ὑμῖν
1116 2421 1198 2498 καθ’
1222 2428 1261 2498 δν

308 2524 436 2610 ἐγράφη
454 2531 629 2610 Στέφανος
648 2523 763 2593 οὑτοσὶ
784 2524 851 2595 δπδ
875 2535 938 2594 τοῦ
961 2529 1157 2614 Φράστορος
1179 2529 1263 2614 πρὸς

307 2623 387 2704 τούς
402 2622 620 2712 θεσμοθέτας.
650 2625 754 2711 γνοὺς
773 2626 806 2695 δ”
825 2627 877 2696 δτι
897 2629 1112 2696 κινδυνεύσει
1132 2630 1261 2714 ἐξελεγ-

307 2724 401 2808 χθεὶς
417 2726 511 2809 ξένης
531 2728 702 2810 θυγατέρα
719 2723 924 2814 ἠγγυηκέναι
940 2741 1011 2808 ταῖς
1031 2728 1184 2813 ἐσχάταις
1208 2735 1263 2814 ζη-

309 2830 397 2909 μίαις
418 2837 625 2911 περιπεσεῖν,
653 2826 880 2894 διαλλάττεται
901 2825 985 2912 πρὸς
1005 2825 1065 2893 τὸν
1084 2827 1264 2914 Φράστορα

313 2919 368 2986 καὶ
384 2917 559 3004 ἀφίσταται
575 2929 633 3007 τῆς
654 2921 805 3010 προικὸς,
830 2929 884 2991 καὶ
899 2923 960 3011 τὴν
977 2930 1072 3012 δίκην
1089 2935 1151 2992 τοῦ
1168 2932 1263 2994 σίτου

314 3014 478 3102 ἀνείλετο,
501 3023 555 3086 καὶ
573 3017 763 3107 ὁΦράστωρ
780 3021 842 3107 την
857 3021 993 3109 γραφὴν
1009 3023 1098 3107 παρά
1115 3033 1184 3091 τῶν
1200 3035 1262 3093 θε-

314 3124 496 3199 σμοθετῶν.
528 3119 582 3184 καὶ
601 3115 645 3196 ὧς
657 3115 770 3204 ἀληθῆ
780 3123 882 3208 λέγω,
904 3122 1033 3190 τούτων
1044 3121 1124 3208 ὑμῖν
1135 3124 1260 3210 μάρτυ-

244 3252 248 3260 ·
314 3234 355 3291 ρα
372 3211 477 3282 αὐτὸν
492 3213 552 3282 τὸν
572 3215 748 3303 Φράστορα
768 3225 876 3304 καλῶ,
902 3221 956 3287 καὶ
978 3216 1155 3306 ἀναγκάσω
1177 3248 1263 3308 μαρ-

268 3310 714 3400 54τυρεῖνκατάτὸννόμον.
743 3316 837 3382 κάλει
848 3343 904 3402 μοι
916 3317 1093 3405 Φράστορα
1104 3323 1260 3405 Αἰγιλιέα.

553 3484 555 3489 <
662 3452 903 3514 ΜΑΡΤΥΡΙΑ.

395 3550 554 3664 [Φράστωρ
566 3568 596 3622 Α
597 3556 715 3662 ίγιλιενς
726 3572 880 3665 μαρτυρεῖ,
899 3560 1023 3647 έπειδη
998 3565 1118 3669 η’σθετο
1130 3563 1260 3672 Νεαίρας

351 3637 531 3720 θυγατέρα’
518 3641 699 3724 εγγυησαντα
716 3641 796 3752 αάτῳ
783 3644 1007 3752 Στέφανον
988 3676 1027 3725 ως
1045 3643 1204 3714 ἑαυτοῦ
1168 3672 1261 3715 ουσαν

351 3721 516 3803 θυγατέρα,
538 3725 714 3808 γράψασθαι
733 3711 824 3794 αάτδν
840 3757 961 3816 γραφην
977 3729 1050 3817 πρὸς
1067 3760 1135 3810 τους
1149 3743 1259 3818 θεσμο·
