<?xml version="1.0" encoding="UTF-8"?>
<!DOCTYPE html PUBLIC "-//W3C//DTD XHTML 1.0 Transitional//EN"
    "http://www.w3.org/TR/xhtml1/DTD/xhtml1-transitional.dtd">
<html xmlns="http://www.w3.org/1999/xhtml" xml:lang="en" lang="en">
 <head>
  <title>
</title>
<meta http-equiv="Content-Type" content="text/html;charset=utf-8" />
  <meta name='ocr-system' content='tesseract 3.04.00' />
  <meta name='ocr-capabilities' content='ocr_page ocr_carea ocr_par ocr_line ocrx_word'/>
</head>
<body>
  <div class='ocr_page' id='page_1' title='image "./orationesexrece02demogoog_0169.png"; bbox 0 0 3159 4409; ppageno 0'>
   <div class='ocr_carea' id='block_1_1' title="bbox 541 502 1245 584">
    <p class='ocr_par' dir='ltr' id='par_1_1' title="bbox 541 502 1245 584">
     <span class='ocr_line' id='line_1_1' title="bbox 541 502 1245 584; baseline 0.013 -8"><span class='ocrx_word' id='word_1_1' title='bbox 541 502 682 577; x_wconf 78' lang='grc' dir='ltr'><em>ΠΡΟΣ</em></span> <span class='ocrx_word' id='word_1_2' title='bbox 708 515 1002 579; x_wconf 71' lang='grc' dir='ltr'><em>ΠΟΛΤΚΛΕΑ</em></span> <span class='ocrx_word' id='word_1_3' title='bbox 1183 518 1245 584; x_wconf 82' lang='grc'><strong><em>165</em></strong></span> 
     </span>
    </p>
   </div>
   <div class='ocr_carea' id='block_1_2' title="bbox 240 668 1365 3834">
    <p class='ocr_par' dir='ltr' id='par_1_2' title="bbox 257 668 1273 964">
     <span class='ocr_line' id='line_1_2' title="bbox 257 668 1245 800; baseline 0.003 -53.127"><span class='ocrx_word' id='word_1_4' title='bbox 257 676 456 766; x_wconf 86' lang='grc' dir='ltr'><strong><em>.επιβάτας</em></strong></span> <span class='ocrx_word' id='word_1_5' title='bbox 466 676 566 749; x_wconf 74' lang='grc' dir='ltr'><strong><em>καί</em></strong></span> <span class='ocrx_word' id='word_1_6' title='bbox 530 703 592 763; x_wconf 92' lang='grc' dir='ltr'><strong><em>την</em></strong></span> <span class='ocrx_word' id='word_1_7' title='bbox 596 668 807 800; x_wconf 80' lang='grc' dir='ltr'><strong><em>ὑπηρεσίαν,</em></strong></span> <span class='ocrx_word' id='word_1_8' title='bbox 830 676 929 764; x_wconf 80' lang='grc' dir='ltr'><strong><em>ἐκβάς</em></strong></span> <span class='ocrx_word' id='word_1_9' title='bbox 945 675 1045 757; x_wconf 84' lang='grc' dir='ltr'><strong><em>αύτδς</em></strong></span> <span class='ocrx_word' id='word_1_10' title='bbox 1061 681 1245 768; x_wconf 80' lang='grc' dir='ltr'><strong><em>πορεύομαι</em></strong></span> 
     </span>
     <span class='ocr_line' id='line_1_3' title="bbox 298 773 1243 897; baseline 0.001 -51"><span class='ocrx_word' id='word_1_11' title='bbox 298 774 404 847; x_wconf 77' lang='grc' dir='ltr'><strong><em>ἐπὶ</em></strong></span> <span class='ocrx_word' id='word_1_12' title='bbox 368 803 431 863; x_wconf 89' lang='grc' dir='ltr'><strong><em>την</em></strong></span> <span class='ocrx_word' id='word_1_13' title='bbox 448 783 499 844; x_wconf 97' lang='grc' dir='ltr'><strong><em>ο</em></strong></span> <span class='ocrx_word' id='word_1_14' title='bbox 480 782 556 844; x_wconf 93' lang='grc' dir='ltr'><strong><em>αν</em></strong></span> <span class='ocrx_word' id='word_1_15' title='bbox 566 801 608 843; x_wconf 94' lang='grc' dir='ltr'><strong><em>ου</em></strong></span> <span class='ocrx_word' id='word_1_16' title='bbox 625 775 785 862; x_wconf 77' lang='grc' dir='ltr'><strong><em>κατήγετο</em></strong></span> <span class='ocrx_word' id='word_1_17' title='bbox 807 773 1028 867; x_wconf 76' lang='grc' dir='ltr'><strong><em>Τιμόμαχος</em></strong></span> <span class='ocrx_word' id='word_1_18' title='bbox 1013 804 1031 845; x_wconf 93' lang='grc' dir='ltr'><strong><em>ο</em></strong></span> <span class='ocrx_word' id='word_1_19' title='bbox 1052 778 1243 897; x_wconf 82' lang='grc' dir='ltr'><strong><em>στρμτηχδς,</em></strong></span> 
     </span>
     <span class='ocr_line' id='line_1_4' title="bbox 295 874 1273 999; baseline 0.002 -55"><span class='ocrx_word' id='word_1_20' title='bbox 295 877 500 966; x_wconf 86' lang='grc' dir='ltr'><strong><em>βουλόμενος</em></strong></span> <span class='ocrx_word' id='word_1_21' title='bbox 516 874 674 944; x_wconf 87' lang='grc' dir='ltr'><strong><em>κάκείνου</em></strong></span> <span class='ocrx_word' id='word_1_22' title='bbox 691 879 843 944; x_wconf 74' lang='grc' dir='ltr'><strong><em>ἐναντίον</em></strong></span> <span class='ocrx_word' id='word_1_23' title='bbox 853 875 1121 999; x_wconf 75' lang='grc' dir='ltr'><strong><em>παραδιδόναι</em></strong></span> <span class='ocrx_word' id='word_1_24' title='bbox 1085 903 1147 964; x_wconf 88' lang='grc' dir='ltr'><strong><em>την</em></strong></span> <span class='ocrx_word' id='word_1_25' title='bbox 1156 886 1245 946; x_wconf 82' lang='grc' dir='ltr'><strong><em>ναῦν</em></strong></span> <span class='ocrx_word' id='word_1_26' title='bbox 1270 879 1273 893; x_wconf 83' lang='grc'><strong>“</strong></span> 
     </span>
    </p>

    <p class='ocr_par' dir='ltr' id='par_1_3' title="bbox 249 968 1365 1160">
     <span class='ocr_line' id='line_1_5' title="bbox 249 968 1365 1064; baseline 0.004 -24"><span class='ocrx_word' id='word_1_27' title='bbox 249 982 475 1044; x_wconf 82' lang='grc' dir='ltr'><strong><em>33Πολυκλεί</em></strong></span> <span class='ocrx_word' id='word_1_28' title='bbox 480 976 587 1063; x_wconf 77' lang='grc' dir='ltr'><strong><em>τούτῳ</em></strong></span> <span class='ocrx_word' id='word_1_29' title='bbox 605 975 735 1062; x_wconf 80' lang='grc' dir='ltr'><strong><em>πλήρη</em></strong></span> <span class='ocrx_word' id='word_1_30' title='bbox 755 968 1058 1063; x_wconf 75' lang='grc' dir='ltr'><strong><em>καταλαμβάνω</em></strong></span> <span class='ocrx_word' id='word_1_31' title='bbox 1015 1000 1080 1044; x_wconf 90' lang='grc' dir='ltr'><strong><em>ουν</em></strong></span> <span class='ocrx_word' id='word_1_32' title='bbox 1094 978 1157 1044; x_wconf 78' lang='grc' dir='ltr'><strong><em>καλ</em></strong></span> <span class='ocrx_word' id='word_1_33' title='bbox 1165 985 1245 1044; x_wconf 84' lang='grc' dir='ltr'><strong><em>τοῦ-</em></strong></span> <span class='ocrx_word' id='word_1_34' title='bbox 1357 1057 1365 1064; x_wconf 21' lang='lat'><em>³</em></span> 
     </span>
     <span class='ocr_line' id='line_1_6' title="bbox 295 1071 1264 1175; baseline 0 -33"><span class='ocrx_word' id='word_1_35' title='bbox 295 1100 356 1142; x_wconf 90' lang='grc' dir='ltr'><strong><em>τον</em></strong></span> <span class='ocrx_word' id='word_1_36' title='bbox 367 1075 436 1143; x_wconf 86' lang='grc' dir='ltr'><strong><em>εκει</em></strong></span> <span class='ocrx_word' id='word_1_37' title='bbox 442 1076 497 1142; x_wconf 91' lang='grc' dir='ltr'><strong><em>και</em></strong></span> <span class='ocrx_word' id='word_1_38' title='bbox 515 1072 595 1175; x_wconf 81' lang='grc' dir='ltr'><strong><em>τοὺς</em></strong></span> <span class='ocrx_word' id='word_1_39' title='bbox 609 1073 828 1167; x_wconf 80' lang='grc' dir='ltr'><strong><em>τριηράρχους</em></strong></span> <span class='ocrx_word' id='word_1_40' title='bbox 843 1075 898 1141; x_wconf 77' lang='grc' dir='ltr'><strong><em>καὶ</em></strong></span> <span class='ocrx_word' id='word_1_41' title='bbox 916 1071 995 1152; x_wconf 77' lang='grc' dir='ltr'><strong><em>τοὺς</em></strong></span> <span class='ocrx_word' id='word_1_42' title='bbox 1005 1073 1180 1159; x_wconf 86' lang='grc' dir='ltr'><strong><em>διαδόχους</em></strong></span> <span class='ocrx_word' id='word_1_43' title='bbox 1190 1078 1246 1142; x_wconf 80' lang='grc' dir='ltr'><strong><em>καλ</em></strong></span> <span class='ocrx_word' id='word_1_44' title='bbox 1262 1121 1264 1131; x_wconf 88' lang='lat'><em>·</em></span> 
     </span>
    </p>

    <p class='ocr_par' dir='ltr' id='par_1_4' title="bbox 256 1167 1246 1260">
     <span class='ocr_line' id='line_1_7' title="bbox 256 1167 1246 1260; baseline 0 -18"><span class='ocrx_word' id='word_1_45' title='bbox 256 1216 260 1220; x_wconf 58' lang='lat'>›</span> <span class='ocrx_word' id='word_1_46' title='bbox 277 1167 474 1252; x_wconf 84' lang='grc' dir='ltr'><strong><em>ἀλλους</em></strong></span> <span class='ocrx_word' id='word_1_47' title='bbox 428 1200 521 1252; x_wconf 85' lang='grc' dir='ltr'><strong><em>τινας</em></strong></span> <span class='ocrx_word' id='word_1_48' title='bbox 531 1178 599 1241; x_wconf 80' lang='grc' dir='ltr'><strong><em>τῶν</em></strong></span> <span class='ocrx_word' id='word_1_49' title='bbox 611 1180 770 1260; x_wconf 73' lang='grc' dir='ltr'><strong><em>πολιτοῖν,</em></strong></span> <span class='ocrx_word' id='word_1_50' title='bbox 788 1175 844 1241; x_wconf 82' lang='grc' dir='ltr'><strong><em>καὶ</em></strong></span> <span class='ocrx_word' id='word_1_51' title='bbox 855 1171 1018 1242; x_wconf 76' lang='grc' dir='ltr'><strong><em>είσελδιδν</em></strong></span> <span class='ocrx_word' id='word_1_52' title='bbox 1028 1170 1162 1253; x_wconf 77' lang='grc' dir='ltr'><strong><em>εύδὺς’</em></strong></span> <span class='ocrx_word' id='word_1_53' title='bbox 1145 1201 1246 1242; x_wconf 85' lang='grc' dir='ltr'><strong><em>εναν-</em></strong></span> 
     </span>
    </p>

    <p class='ocr_par' dir='ltr' id='par_1_5' title="bbox 240 1273 1247 1657">
     <span class='ocr_line' id='line_1_8' title="bbox 240 1273 1247 1360; baseline 0.001 -19"><span class='ocrx_word' id='word_1_54' title='bbox 240 1288 243 1300; x_wconf 89' lang='grc'><strong>’</strong></span> <span class='ocrx_word' id='word_1_55' title='bbox 295 1279 369 1342; x_wconf 89' lang='grc' dir='ltr'><strong><em>τιον</em></strong></span> <span class='ocrx_word' id='word_1_56' title='bbox 380 1280 439 1341; x_wconf 79' lang='grc' dir='ltr'><strong><em>τοῦ</em></strong></span> <span class='ocrx_word' id='word_1_57' title='bbox 452 1289 638 1360; x_wconf 82' lang='grc' dir='ltr'><strong><em>στρατηχου</em></strong></span> <span class='ocrx_word' id='word_1_58' title='bbox 623 1274 770 1358; x_wconf 82' lang='grc' dir='ltr'><strong><em>λομους</em></strong></span> <span class='ocrx_word' id='word_1_59' title='bbox 780 1297 864 1360; x_wconf 87' lang='grc' dir='ltr'><strong><em>προς</em></strong></span> <span class='ocrx_word' id='word_1_60' title='bbox 874 1298 978 1340; x_wconf 91' lang='grc' dir='ltr'><strong><em>αυτου</em></strong></span> <span class='ocrx_word' id='word_1_61' title='bbox 989 1273 1183 1360; x_wconf 83' lang='grc' dir='ltr'><strong><em>έποιουμην,</em></strong></span> <span class='ocrx_word' id='word_1_62' title='bbox 1191 1275 1247 1342; x_wconf 80' lang='grc' dir='ltr'><strong><em>καὶ</em></strong></span> 
     </span>
     <span class='ocr_line' id='line_1_9' title="bbox 277 1368 1245 1459; baseline -0.005 -14"><span class='ocrx_word' id='word_1_63' title='bbox 277 1368 464 1459; x_wconf 71' lang='grc' dir='ltr'><strong><em>,ἠξίουν’</em></strong></span> <span class='ocrx_word' id='word_1_64' title='bbox 423 1369 526 1439; x_wconf 87' lang='grc' dir='ltr'><strong><em>αυτόν</em></strong></span> <span class='ocrx_word' id='word_1_65' title='bbox 543 1373 605 1458; x_wconf 79' lang='grc' dir='ltr'><strong><em>τήν</em></strong></span> <span class='ocrx_word' id='word_1_66' title='bbox 616 1397 651 1438; x_wconf 89' lang='grc' dir='ltr'><strong><em>τε</em></strong></span> <span class='ocrx_word' id='word_1_67' title='bbox 663 1380 751 1439; x_wconf 79' lang='grc' dir='ltr'><strong><em>ναῦν</em></strong></span> <span class='ocrx_word' id='word_1_68' title='bbox 768 1397 825 1458; x_wconf 92' lang='grc' dir='ltr'><strong><em>μοι</em></strong></span> <span class='ocrx_word' id='word_1_69' title='bbox 835 1371 1107 1458; x_wconf 78' lang='grc' dir='ltr'><strong><em>παραλαμβάνειν</em></strong></span> <span class='ocrx_word' id='word_1_70' title='bbox 1118 1375 1245 1442; x_wconf 79' lang='grc' dir='ltr'><strong><em>καὶτοῦ</em></strong></span> 
     </span>
     <span class='ocr_line' id='line_1_10' title="bbox 297 1468 1246 1558; baseline 0.001 -20"><span class='ocrx_word' id='word_1_71' title='bbox 297 1474 669 1558; x_wconf 74' lang='grc' dir='ltr'><strong><em>ἐπιτετριηραρχημένου</em></strong></span> <span class='ocrx_word' id='word_1_72' title='bbox 678 1471 804 1557; x_wconf 92' lang='grc' dir='ltr'><strong><em>χρόνου</em></strong></span> <span class='ocrx_word' id='word_1_73' title='bbox 820 1468 1017 1538; x_wconf 90' lang='grc' dir='ltr'><strong><em>αποδιδουαι</em></strong></span> <span class='ocrx_word' id='word_1_74' title='bbox 1023 1497 1084 1556; x_wconf 88' lang='grc' dir='ltr'><strong><em>μοι</em></strong></span> <span class='ocrx_word' id='word_1_75' title='bbox 1092 1470 1246 1539; x_wconf 85' lang='grc' dir='ltr'><strong><em>ταναλοι</em></strong></span> 
     </span>
     <span class='ocr_line' id='line_1_11' title="bbox 289 1565 1245 1690; baseline -0.001 -52"><span class='ocrx_word' id='word_1_76' title='bbox 289 1565 393 1657; x_wconf 87' lang='grc' dir='ltr'><strong><em>ματα,</em></strong></span> <span class='ocrx_word' id='word_1_77' title='bbox 406 1573 462 1638; x_wconf 78' lang='grc' dir='ltr'><strong><em>καὶ</em></strong></span> <span class='ocrx_word' id='word_1_78' title='bbox 472 1573 624 1656; x_wconf 75' lang='grc' dir='ltr'><strong><em>περὶτῶν</em></strong></span> <span class='ocrx_word' id='word_1_79' title='bbox 635 1579 766 1637; x_wconf 78' lang='grc' dir='ltr'><strong><em>σκευῶν</em></strong></span> <span class='ocrx_word' id='word_1_80' title='bbox 774 1567 915 1656; x_wconf 77' lang='grc' dir='ltr'><strong><em>ἠρώτων</em></strong></span> <span class='ocrx_word' id='word_1_81' title='bbox 925 1569 1039 1690; x_wconf 74' lang='grc' dir='ltr'><strong><em>αὑτὸν,</em></strong></span> <span class='ocrx_word' id='word_1_82' title='bbox 1047 1570 1169 1657; x_wconf 90' lang='grc' dir='ltr'><strong><em>πότερα</em></strong></span> <span class='ocrx_word' id='word_1_83' title='bbox 1181 1594 1245 1638; x_wconf 91' lang='grc' dir='ltr'><strong><em>πα-</em></strong></span> 
     </span>
    </p>

    <p class='ocr_par' dir='ltr' id='par_1_6' title="bbox 248 1648 1245 2150">
     <span class='ocr_line' id='line_1_12' title="bbox 248 1648 1245 1789; baseline -0.004 -49"><span class='ocrx_word' id='word_1_84' title='bbox 248 1686 285 1740; x_wconf 81' lang='grc'><strong><em>34</em></strong></span> <span class='ocrx_word' id='word_1_85' title='bbox 294 1665 512 1754; x_wconf 75' lang='grc' dir='ltr'><strong><em>ραλύψεται“</em></strong></span> <span class='ocrx_word' id='word_1_86' title='bbox 490 1694 511 1754; x_wconf 90' lang='grc' dir='ltr'><strong><em>η</em></strong></span> <span class='ocrx_word' id='word_1_87' title='bbox 525 1672 592 1735; x_wconf 84' lang='grc' dir='ltr'><strong><em>ίδια</em></strong></span> <span class='ocrx_word' id='word_1_88' title='bbox 602 1648 704 1754; x_wconf 71' lang='grc' dir='ltr'><strong><em>σκεύη</em></strong></span> <span class='ocrx_word' id='word_1_89' title='bbox 715 1667 832 1753; x_wconf 81' lang='grc' dir='ltr'><strong><em>έχων“</em></strong></span> <span class='ocrx_word' id='word_1_90' title='bbox 809 1694 891 1789; x_wconf 78' lang='grc' dir='ltr'><strong><em>ηκοι</em></strong></span> <span class='ocrx_word' id='word_1_91' title='bbox 896 1661 995 1737; x_wconf 78' lang='grc' dir='ltr'><strong><em>έπδ</em></strong></span> <span class='ocrx_word' id='word_1_92' title='bbox 960 1695 1022 1756; x_wconf 90' lang='grc' dir='ltr'><strong><em>την</em></strong></span> <span class='ocrx_word' id='word_1_93' title='bbox 1032 1678 1128 1737; x_wconf 82' lang='grc' dir='ltr'><strong><em>ναύν.</em></strong></span> <span class='ocrx_word' id='word_1_94' title='bbox 1161 1676 1245 1736; x_wconf 83' lang='grc' dir='ltr'><strong><em>ταύ-</em></strong></span> 
     </span>
     <span class='ocr_line' id='line_1_13' title="bbox 292 1760 1243 1886; baseline 0.003 -54"><span class='ocrx_word' id='word_1_95' title='bbox 292 1792 336 1832; x_wconf 91' lang='grc' dir='ltr'><strong><em>τα</em></strong></span> <span class='ocrx_word' id='word_1_96' title='bbox 345 1769 460 1852; x_wconf 75' lang='grc' dir='ltr'><strong><em>δόμου</em></strong></span> <span class='ocrx_word' id='word_1_97' title='bbox 470 1760 743 1851; x_wconf 81' lang='grc' dir='ltr'><strong><em>προκαλουμένου</em></strong></span> <span class='ocrx_word' id='word_1_98' title='bbox 749 1763 984 1883; x_wconf 69' lang='lat'>666666666</span> <span class='ocrx_word' id='word_1_99' title='bbox 992 1792 1034 1854; x_wconf 86' lang='grc' dir='ltr'><strong><em>με</em></strong></span> <span class='ocrx_word' id='word_1_100' title='bbox 1045 1768 1129 1835; x_wconf 87' lang='grc' dir='ltr'><strong><em>διότι</em></strong></span> <span class='ocrx_word' id='word_1_101' title='bbox 1139 1766 1243 1886; x_wconf 75' lang='grc' dir='ltr'><strong><em>σκεύη</em></strong></span> 
     </span>
     <span class='ocr_line' id='line_1_14' title="bbox 292 1863 1242 1984; baseline -0.001 -52"><span class='ocrx_word' id='word_1_102' title='bbox 292 1884 330 1932; x_wconf 87' lang='grc' dir='ltr'><strong><em>’τε</em></strong></span> <span class='ocrx_word' id='word_1_103' title='bbox 349 1869 417 1958; x_wconf 78' lang='grc' dir='ltr'><strong><em>ἴδια</em></strong></span> <span class='ocrx_word' id='word_1_104' title='bbox 436 1864 539 1984; x_wconf 86' lang='grc' dir='ltr'><strong><em>μόνος</em></strong></span> <span class='ocrx_word' id='word_1_105' title='bbox 557 1868 661 1950; x_wconf 88' lang='grc' dir='ltr'><strong><em>έχοιμι</em></strong></span> <span class='ocrx_word' id='word_1_106' title='bbox 679 1871 748 1931; x_wconf 80' lang='grc' dir='ltr'><strong><em>τῶν</em></strong></span> <span class='ocrx_word' id='word_1_107' title='bbox 764 1863 988 1951; x_wconf 86' lang='grc' dir='ltr'><strong><em>τριηράρχων,</em></strong></span> <span class='ocrx_word' id='word_1_108' title='bbox 1010 1867 1066 1933; x_wconf 81' lang='grc' dir='ltr'><strong><em>καὶ</em></strong></span> <span class='ocrx_word' id='word_1_109' title='bbox 1082 1863 1242 1953; x_wconf 80' lang='grc' dir='ltr'><strong><em>πότεραὴ</em></strong></span> 
     </span>
     <span class='ocr_line' id='line_1_15' title="bbox 292 1956 1243 2085; baseline 0.003 -56"><span class='ocrx_word' id='word_1_110' title='bbox 292 1960 388 2040; x_wconf 80' lang='grc' dir='ltr'><strong><em>πόλις</em></strong></span> <span class='ocrx_word' id='word_1_111' title='bbox 405 1958 468 2029; x_wconf 90' lang='grc' dir='ltr'><strong><em>ούκ</em></strong></span> <span class='ocrx_word' id='word_1_112' title='bbox 489 1967 588 2081; x_wconf 83' lang='grc' dir='ltr'><strong><em>εἰδείη</em></strong></span> <span class='ocrx_word' id='word_1_113' title='bbox 606 1960 698 2084; x_wconf 72' lang='grc' dir='ltr'><strong><em>τινόχς</em></strong></span> <span class='ocrx_word' id='word_1_114' title='bbox 714 1967 922 2050; x_wconf 81' lang='grc' dir='ltr'><strong><em>δυναμένους</em></strong></span> <span class='ocrx_word' id='word_1_115' title='bbox 938 1956 1041 2052; x_wconf 89' lang='grc' dir='ltr'><strong><em>σκεύη</em></strong></span> <span class='ocrx_word' id='word_1_116' title='bbox 1061 1979 1243 2085; x_wconf 81' lang='grc' dir='ltr'><strong><em>πμρασχείν</em></strong></span> 
     </span>
     <span class='ocr_line' id='line_1_16' title="bbox 247 2058 1241 2150; baseline 0.002 -23.095"><span class='ocrx_word' id='word_1_117' title='bbox 247 2073 363 2138; x_wconf 82' lang='grc' dir='ltr'><strong><em>ταῖς</em></strong></span> <span class='ocrx_word' id='word_1_118' title='bbox 378 2063 515 2181; x_wconf 77' lang='grc' dir='ltr'><strong><em>ναυσὶν,</em></strong></span> <span class='ocrx_word' id='word_1_119' title='bbox 537 2058 621 2128; x_wconf 70' lang='grc' dir='ltr'><strong><em>ὥστε</em></strong></span> <span class='ocrx_word' id='word_1_120' title='bbox 637 2058 720 2147; x_wconf 77' lang='grc' dir='ltr'><strong><em>αὕτη</em></strong></span> <span class='ocrx_word' id='word_1_121' title='bbox 738 2060 782 2148; x_wconf 73' lang='grc' dir='ltr'><strong><em>μὴ</em></strong></span> <span class='ocrx_word' id='word_1_122' title='bbox 801 2065 963 2148; x_wconf 85' lang='grc' dir='ltr'><strong><em>παρέχειν.</em></strong></span> <span class='ocrx_word' id='word_1_123' title='bbox 991 2059 1035 2150; x_wconf 83' lang='lat'><strong><em>“6</em></strong></span> <span class='ocrx_word' id='word_1_124' title='bbox 1057 2062 1099 2131; x_wconf 85' lang='grc' dir='ltr'><strong><em>σύ</em></strong></span> <span class='ocrx_word' id='word_1_125' title='bbox 1120 2070 1241 2131; x_wconf 83' lang='grc' dir='ltr'><strong><em>τοσοῦ-</em></strong></span> 
     </span>
    </p>

    <p class='ocr_par' dir='ltr' id='par_1_7' title="bbox 240 2155 1302 2346">
     <span class='ocr_line' id='line_1_17' title="bbox 240 2155 1302 2263; baseline 0.001 -37"><span class='ocrx_word' id='word_1_126' title='bbox 240 2185 247 2201; x_wconf 56' lang='lat'><strong>*</strong></span> <span class='ocrx_word' id='word_1_127' title='bbox 287 2155 373 2227; x_wconf 83' lang='grc' dir='ltr'><strong><em>“τον</em></strong></span> <span class='ocrx_word' id='word_1_128' title='bbox 375 2157 492 2263; x_wconf 72' lang='lat'>’666‘</span> <span class='ocrx_word' id='word_1_129' title='bbox 496 2157 742 2244; x_wconf 82' lang='grc' dir='ltr'><strong><em>ὑπερπέπαικας</em></strong></span> <span class='ocrx_word' id='word_1_130' title='bbox 758 2161 892 2248; x_wconf 78' lang='grc' dir='ltr'><strong><em>πλούτῳ</em></strong></span> <span class='ocrx_word' id='word_1_131' title='bbox 911 2186 990 2239; x_wconf 91' lang='grc' dir='ltr'><strong><em>τους</em></strong></span> <span class='ocrx_word' id='word_1_132' title='bbox 999 2159 1185 2245; x_wconf 90' lang='grc' dir='ltr'><strong><em>αλλους,</em></strong></span> <span class='ocrx_word' id='word_1_133' title='bbox 1158 2184 1242 2229; x_wconf 82' lang='grc' dir='ltr'><strong><em>υστε</em></strong></span> <span class='ocrx_word' id='word_1_134' title='bbox 1297 2225 1302 2237; x_wconf 87' lang='grc'><strong><em>,</em></strong></span> 
     </span>
     <span class='ocr_line' id='line_1_18' title="bbox 288 2255 1242 2353; baseline -0.001 -25.975"><span class='ocrx_word' id='word_1_135' title='bbox 288 2257 366 2327; x_wconf 81' lang='grc' dir='ltr'><strong><em>“καλ</em></strong></span> <span class='ocrx_word' id='word_1_136' title='bbox 363 2255 480 2353; x_wconf 77' lang='grc' dir='ltr'><strong><em>σκεύη</em></strong></span> <span class='ocrx_word' id='word_1_137' title='bbox 497 2264 563 2327; x_wconf 83' lang='grc' dir='ltr'><strong><em>ίδια</em></strong></span> <span class='ocrx_word' id='word_1_138' title='bbox 571 2265 664 2345; x_wconf 84' lang='grc' dir='ltr'><strong><em>ἔχειν</em></strong></span> <span class='ocrx_word' id='word_1_139' title='bbox 680 2263 735 2326; x_wconf 82' lang='grc' dir='ltr'><strong><em>καλ</em></strong></span> <span class='ocrx_word' id='word_1_140' title='bbox 751 2260 880 2345; x_wconf 92' lang='grc' dir='ltr'><strong><em>κόσμον</em></strong></span> <span class='ocrx_word' id='word_1_141' title='bbox 896 2259 1129 2345; x_wconf 86' lang='grc' dir='ltr'><strong><em>χρυσόπαστον</em></strong></span> <span class='ocrx_word' id='word_1_142' title='bbox 1140 2259 1242 2344; x_wconf 89' lang='grc' dir='ltr'><strong><em>μόνος</em></strong></span> 
     </span>
    </p>

    <p class='ocr_par' dir='ltr' id='par_1_8' title="bbox 247 2350 1314 3336">
     <span class='ocr_line' id='line_1_19' title="bbox 247 2350 1242 2445; baseline -0.005 -18"><span class='ocrx_word' id='word_1_143' title='bbox 247 2356 303 2427; x_wconf 80' lang='grc'><strong><em>35“</em></strong></span> <span class='ocrx_word' id='word_1_144' title='bbox 308 2365 379 2426; x_wconf 79' lang='grc' dir='ltr'><strong><em>τῶν</em></strong></span> <span class='ocrx_word' id='word_1_145' title='bbox 395 2357 617 2445; x_wconf 73' lang='grc' dir='ltr'><strong><em>τριηράρχους</em></strong></span> <span class='ocrx_word' id='word_1_146' title='bbox 641 2353 728 2435; x_wconf 82' lang='grc' dir='ltr'><strong><em>τίς“</em></strong></span> <span class='ocrx_word' id='word_1_147' title='bbox 706 2385 750 2425; x_wconf 91' lang='grc' dir='ltr'><strong><em>αν</em></strong></span> <span class='ocrx_word' id='word_1_148' title='bbox 767 2353 892 2424; x_wconf 90' lang='grc' dir='ltr'><strong><em>δύναιτ’</em></strong></span> <span class='ocrx_word' id='word_1_149' title='bbox 906 2350 992 2423; x_wconf 85' lang='grc' dir='ltr'><strong><em>ούν”</em></strong></span> <span class='ocrx_word' id='word_1_150' title='bbox 989 2355 1096 2440; x_wconf 81' lang='grc' dir='ltr'><strong><em>ἔφη“</em></strong></span> <span class='ocrx_word' id='word_1_151' title='bbox 1099 2354 1161 2441; x_wconf 78' lang='grc' dir='ltr'><strong><em>τὴν</em></strong></span> <span class='ocrx_word' id='word_1_152' title='bbox 1178 2356 1242 2442; x_wconf 79' lang='grc' dir='ltr'><strong><em>σην</em></strong></span> 
     </span>
     <span class='ocr_line' id='line_1_20' title="bbox 285 2453 1242 2576; baseline -0.002 -51.977"><span class='ocrx_word' id='word_1_153' title='bbox 285 2454 432 2543; x_wconf 62' lang='grc' dir='ltr'><strong><em>’μανίαν</em></strong></span> <span class='ocrx_word' id='word_1_154' title='bbox 451 2459 506 2523; x_wconf 78' lang='grc' dir='ltr'><strong><em>καλ</em></strong></span> <span class='ocrx_word' id='word_1_155' title='bbox 526 2460 742 2540; x_wconf 81' lang='grc' dir='ltr'><strong><em>πολυτέλειαν</em></strong></span> <span class='ocrx_word' id='word_1_156' title='bbox 768 2453 962 2576; x_wconf 81' lang='grc' dir='ltr'><strong><em>ὑπομείναι,</em></strong></span> <span class='ocrx_word' id='word_1_157' title='bbox 992 2458 1242 2540; x_wconf 72' lang='grc' dir='ltr'><strong><em>διεφθαρμένον</em></strong></span> 
     </span>
     <span class='ocr_line' id='line_1_21' title="bbox 280 2535 1242 2642; baseline -0.001 -19"><span class='ocrx_word' id='word_1_158' title='bbox 280 2551 370 2642; x_wconf 71' lang='lat'>“666</span> <span class='ocrx_word' id='word_1_159' title='bbox 385 2555 547 2640; x_wconf 85' lang='grc' dir='ltr'><strong><em>πλήρωμα</em></strong></span> <span class='ocrx_word' id='word_1_160' title='bbox 564 2535 666 2622; x_wconf 81' lang='grc' dir='ltr'><strong><em>καὶί</em></strong></span> <span class='ocrx_word' id='word_1_161' title='bbox 636 2579 650 2621; x_wconf 87' lang='grc' dir='ltr'><strong><em>ε</em></strong></span> <span class='ocrx_word' id='word_1_162' title='bbox 652 2552 785 2632; x_wconf 71' lang='lat'>66669&#39;</span> <span class='ocrx_word' id='word_1_163' title='bbox 767 2554 931 2639; x_wconf 83' lang='grc' dir='ltr'><strong><em>αρχύριον</em></strong></span> <span class='ocrx_word' id='word_1_164' title='bbox 948 2553 1035 2620; x_wconf 87' lang='grc' dir='ltr'><strong><em>πολὺ</em></strong></span> <span class='ocrx_word' id='word_1_165' title='bbox 1046 2555 1242 2642; x_wconf 89' lang='grc' dir='ltr'><strong><em>προλαμβά-</em></strong></span> 
     </span>
     <span class='ocr_line' id='line_1_22' title="bbox 287 2650 1242 2741; baseline 0 -19"><span class='ocrx_word' id='word_1_166' title='bbox 287 2651 382 2722; x_wconf 84' lang='grc' dir='ltr'><strong><em>“νειν</em></strong></span> <span class='ocrx_word' id='word_1_167' title='bbox 397 2655 457 2732; x_wconf 50' lang='grc' dir='ltr'><strong><em>,καὶ</em></strong></span> <span class='ocrx_word' id='word_1_168' title='bbox 477 2650 667 2732; x_wconf 47' lang='grc' dir='ltr'><strong><em>άτελείαςψ</em></strong></span> <span class='ocrx_word' id='word_1_169' title='bbox 643 2678 738 2737; x_wconf 85' lang='grc' dir='ltr'><strong><em>αχειν</em></strong></span> <span class='ocrx_word' id='word_1_170' title='bbox 759 2659 827 2720; x_wconf 79' lang='grc' dir='ltr'><strong><em>τῶν</em></strong></span> <span class='ocrx_word' id='word_1_171' title='bbox 843 2654 1106 2739; x_wconf 70' lang='grc' dir='ltr'><strong><em>4νομιζομένοιν’</em></strong></span> <span class='ocrx_word' id='word_1_172' title='bbox 1089 2679 1177 2740; x_wconf 85' lang='grc' dir='ltr'><strong><em>εντη</em></strong></span> <span class='ocrx_word' id='word_1_173' title='bbox 1162 2656 1242 2741; x_wconf 80' lang='grc' dir='ltr'><strong><em>νηὶ</em></strong></span> 
     </span>
     <span class='ocr_line' id='line_1_23' title="bbox 283 2749 1243 2842; baseline -0.001 -22"><span class='ocrx_word' id='word_1_174' title='bbox 283 2749 523 2838; x_wconf 58' lang='grc' dir='ltr'><strong><em>’λειτουργιῶν</em></strong></span> <span class='ocrx_word' id='word_1_175' title='bbox 544 2755 599 2821; x_wconf 84' lang='grc' dir='ltr'><strong><em>καὶ</em></strong></span> <span class='ocrx_word' id='word_1_176' title='bbox 619 2761 764 2822; x_wconf 73' lang='grc' dir='ltr'><strong><em>λοῦσθαι</em></strong></span> <span class='ocrx_word' id='word_1_177' title='bbox 785 2755 822 2819; x_wconf 86' lang='grc' dir='ltr'><strong><em>έν</em></strong></span> <span class='ocrx_word' id='word_1_178' title='bbox 842 2759 1023 2842; x_wconf 76' lang='grc' dir='ltr'><strong><em>βαλανείῳ,</em></strong></span> <span class='ocrx_word' id='word_1_179' title='bbox 1045 2760 1243 2838; x_wconf 75' lang='grc' dir='ltr'><strong><em>τρυφῶντας</em></strong></span> 
     </span>
     <span class='ocr_line' id='line_1_24' title="bbox 284 2849 1307 2946; baseline -0.004 -22"><span class='ocrx_word' id='word_1_180' title='bbox 284 2849 342 2924; x_wconf 63' lang='lat'>5‘6&#39;</span> <span class='ocrx_word' id='word_1_181' title='bbox 355 2853 510 2938; x_wconf 87' lang='grc' dir='ltr'><strong><em>έπιβάτας</em></strong></span> <span class='ocrx_word' id='word_1_182' title='bbox 528 2855 584 2920; x_wconf 82' lang='grc' dir='ltr'><strong><em>καὶ</em></strong></span> <span class='ocrx_word' id='word_1_183' title='bbox 602 2850 786 2941; x_wconf 83' lang='grc' dir='ltr'><strong><em>ὑπηρεσίαν</em></strong></span> <span class='ocrx_word' id='word_1_184' title='bbox 808 2849 874 2920; x_wconf 86' lang='grc' dir='ltr'><strong><em>ὑπό</em></strong></span> <span class='ocrx_word' id='word_1_185' title='bbox 894 2862 1021 2946; x_wconf 73' lang='grc' dir='ltr'><strong><em>μισθοῦ</em></strong></span> <span class='ocrx_word' id='word_1_186' title='bbox 1041 2861 1169 2923; x_wconf 82' lang='grc' dir='ltr'><strong><em>πολλοῦ</em></strong></span> <span class='ocrx_word' id='word_1_187' title='bbox 1185 2855 1240 2921; x_wconf 80' lang='grc' dir='ltr'><strong><em>καλ</em></strong></span> <span class='ocrx_word' id='word_1_188' title='bbox 1302 2901 1307 2912; x_wconf 79' lang='lat'><strong>·</strong></span> 
     </span>
     <span class='ocr_line' id='line_1_25' title="bbox 282 2947 1240 3039; baseline 0.001 -21"><span class='ocrx_word' id='word_1_189' title='bbox 282 2947 474 3029; x_wconf 80' lang='grc' dir='ltr'><strong><em>“έυτελοὺς;</em></strong></span> <span class='ocrx_word' id='word_1_190' title='bbox 498 2959 611 3018; x_wconf 70' lang='grc' dir='ltr'><strong><em>κακοῖν</em></strong></span> <span class='ocrx_word' id='word_1_191' title='bbox 634 2949 694 3019; x_wconf 82' lang='grc' dir='ltr'><strong><em>δ”’</em></strong></span> <span class='ocrx_word' id='word_1_192' title='bbox 719 2956 783 3038; x_wconf 81' lang='grc' dir='ltr'><strong><em>ἔφη</em></strong></span> <span class='ocrx_word' id='word_1_193' title='bbox 802 2949 1022 3033; x_wconf 77' lang='grc' dir='ltr'><strong><em>“διδ’άσκαλος</em></strong></span> <span class='ocrx_word' id='word_1_194' title='bbox 1042 2957 1183 3039; x_wconf 79' lang='grc' dir='ltr'><strong><em>γέγονας</em></strong></span> <span class='ocrx_word' id='word_1_195' title='bbox 1203 2955 1240 3020; x_wconf 80' lang='grc' dir='ltr'><strong><em>ἐν</em></strong></span> 
     </span>
     <span class='ocr_line' id='line_1_26' title="bbox 283 3047 1296 3141; baseline 0.002 -25"><span class='ocrx_word' id='word_1_196' title='bbox 283 3047 355 3140; x_wconf 76' lang='grc' dir='ltr'><strong><em>“τῷ</em></strong></span> <span class='ocrx_word' id='word_1_197' title='bbox 366 3051 599 3137; x_wconf 83' lang='grc' dir='ltr'><strong><em>στρατεύματι,</em></strong></span> <span class='ocrx_word' id='word_1_198' title='bbox 610 3055 666 3119; x_wconf 73' lang='grc' dir='ltr'><strong><em>καὶ</em></strong></span> <span class='ocrx_word' id='word_1_199' title='bbox 677 3061 780 3131; x_wconf 90' lang='grc' dir='ltr'><strong><em>αίτιος</em></strong></span> <span class='ocrx_word' id='word_1_200' title='bbox 793 3048 823 3120; x_wconf 85' lang='grc' dir='ltr'><strong><em>εί</em></strong></span> <span class='ocrx_word' id='word_1_201' title='bbox 831 3057 929 3140; x_wconf 85' lang='grc' dir='ltr'><strong><em>μέρος</em></strong></span> <span class='ocrx_word' id='word_1_202' title='bbox 940 3079 971 3120; x_wconf 93' lang='grc' dir='ltr'><strong><em>τι</em></strong></span> <span class='ocrx_word' id='word_1_203' title='bbox 982 3055 1038 3120; x_wconf 80' lang='grc' dir='ltr'><strong><em>καὶ</em></strong></span> <span class='ocrx_word' id='word_1_204' title='bbox 1048 3066 1117 3130; x_wconf 78' lang='grc' dir='ltr'><strong><em>τοῖς</em></strong></span> <span class='ocrx_word' id='word_1_205' title='bbox 1127 3051 1239 3130; x_wconf 86' lang='grc' dir='ltr'><strong><em>άλλοις</em></strong></span> <span class='ocrx_word' id='word_1_206' title='bbox 1294 3138 1296 3141; x_wconf 13' lang='grc' dir='ltr'>ι</span> 
     </span>
     <span class='ocr_line' id='line_1_27' title="bbox 281 3145 1239 3237; baseline 0 -21"><span class='ocrx_word' id='word_1_207' title='bbox 281 3145 513 3236; x_wconf 79' lang='grc' dir='ltr'><strong><em>“τριηράρχοις</em></strong></span> <span class='ocrx_word' id='word_1_208' title='bbox 524 3150 766 3237; x_wconf 83' lang='grc' dir='ltr'><strong><em>ποὺηροτέρους</em></strong></span> <span class='ocrx_word' id='word_1_209' title='bbox 779 3150 863 3219; x_wconf 77' lang='grc' dir='ltr'><strong><em>εἶναι</em></strong></span> <span class='ocrx_word' id='word_1_210' title='bbox 873 3150 953 3230; x_wconf 87' lang='grc' dir='ltr'><strong><em>τούς</em></strong></span> <span class='ocrx_word' id='word_1_211' title='bbox 962 3149 1170 3235; x_wconf 75' lang='grc' dir='ltr'><strong><em>στρατιώτας,</em></strong></span> <span class='ocrx_word' id='word_1_212' title='bbox 1183 3155 1239 3236; x_wconf 85' lang='grc' dir='ltr'><strong><em>ζη-</em></strong></span> 
     </span>
     <span class='ocr_line' id='line_1_28' title="bbox 283 3245 1314 3372; baseline 0.005 -58"><span class='ocrx_word' id='word_1_213' title='bbox 283 3245 447 3329; x_wconf 85' lang='grc' dir='ltr'><strong><em>“τ·ούντας</em></strong></span> <span class='ocrx_word' id='word_1_214' title='bbox 458 3246 562 3317; x_wconf 80' lang='grc' dir='ltr'><strong><em>ταύτιὶ</em></strong></span> <span class='ocrx_word' id='word_1_215' title='bbox 573 3264 641 3328; x_wconf 79' lang='grc' dir='ltr'><strong><em>τοῖς</em></strong></span> <span class='ocrx_word' id='word_1_216' title='bbox 651 3277 740 3372; x_wconf 86' lang='grc' dir='ltr'><strong><em>παρα</em></strong></span> <span class='ocrx_word' id='word_1_217' title='bbox 730 3249 820 3318; x_wconf 92' lang='grc' dir='ltr'><strong><em>σοί·</em></strong></span> <span class='ocrx_word' id='word_1_218' title='bbox 844 3254 909 3317; x_wconf 78' lang='grc' dir='ltr'><strong><em>ἔδει</em></strong></span> <span class='ocrx_word' id='word_1_219' title='bbox 924 3249 990 3336; x_wconf 77' lang='grc' dir='ltr'><strong><em>γάρ</em></strong></span> <span class='ocrx_word' id='word_1_220' title='bbox 1002 3248 1039 3315; x_wconf 73' lang='grc' dir='ltr'><strong><em>σέ</em></strong></span> <span class='ocrx_word' id='word_1_221' title='bbox 1049 3245 1152 3315; x_wconf 81' lang='grc' dir='ltr'><strong><em>ταύτὰ</em></strong></span> <span class='ocrx_word' id='word_1_222' title='bbox 1164 3275 1238 3317; x_wconf 90' lang='grc' dir='ltr'><strong><em>ποι-</em></strong></span> <span class='ocrx_word' id='word_1_223' title='bbox 1246 3266 1314 3320; x_wconf 72' lang='lat'>1218</span> 
     </span>
    </p>

    <p class='ocr_par' dir='ltr' id='par_1_9' title="bbox 241 3343 1239 3537">
     <span class='ocr_line' id='line_1_29' title="bbox 241 3343 1238 3436; baseline 0.002 -18"><span class='ocrx_word' id='word_1_224' title='bbox 241 3363 279 3418; x_wconf 79' lang='lat'><strong><em>36</em></strong></span> <span class='ocrx_word' id='word_1_225' title='bbox 283 3343 356 3414; x_wconf 82' lang='grc' dir='ltr'><strong><em>εῖν</em></strong></span> <span class='ocrx_word' id='word_1_226' title='bbox 365 3362 434 3427; x_wconf 77' lang='grc' dir='ltr'><strong><em>τοῖς</em></strong></span> <span class='ocrx_word' id='word_1_227' title='bbox 444 3347 555 3428; x_wconf 89' lang='grc' dir='ltr'><strong><em>αλλοις</em></strong></span> <span class='ocrx_word' id='word_1_228' title='bbox 563 3348 786 3436; x_wconf 81' lang='grc' dir='ltr'><strong><em>τριηράρχοις</em></strong></span> <span class='ocrx_word' id='word_1_229' title='bbox 787 3347 971 3434; x_wconf 78' lang='grc' dir='ltr'><strong><em>λεγοντος</em></strong></span> <span class='ocrx_word' id='word_1_230' title='bbox 981 3345 1069 3415; x_wconf 71' lang='lat'><strong><em>6³</em></strong></span> <span class='ocrx_word' id='word_1_231' title='bbox 1026 3373 1238 3434; x_wconf 85' lang='grc' dir='ltr'><strong><em>αυτουταυτ,</em></strong></span> 
     </span>
     <span class='ocr_line' id='line_1_30' title="bbox 288 3443 1239 3539; baseline 0.005 -27"><span class='ocrx_word' id='word_1_232' title='bbox 288 3443 518 3535; x_wconf 78' lang='grc' dir='ltr'><strong><em>ὑπεκρινάμην</em></strong></span> <span class='ocrx_word' id='word_1_233' title='bbox 530 3446 619 3539; x_wconf 76' lang='grc' dir='ltr'><strong><em>αύτῷ</em></strong></span> <span class='ocrx_word' id='word_1_234' title='bbox 630 3449 681 3517; x_wconf 83' lang='grc' dir='ltr'><strong><em>ὅτι</em></strong></span> <span class='ocrx_word' id='word_1_235' title='bbox 692 3451 795 3535; x_wconf 89' lang='grc' dir='ltr'><strong><em>σκεύη</em></strong></span> <span class='ocrx_word' id='word_1_236' title='bbox 806 3448 867 3535; x_wconf 69' lang='grc' dir='ltr'><strong><em>μὲν</em></strong></span> <span class='ocrx_word' id='word_1_237' title='bbox 880 3448 933 3515; x_wconf 81' lang='grc' dir='ltr'><strong><em>διδ</em></strong></span> <span class='ocrx_word' id='word_1_238' title='bbox 943 3454 1042 3516; x_wconf 81' lang='grc' dir='ltr'><strong><em>τοῦτο</em></strong></span> <span class='ocrx_word' id='word_1_239' title='bbox 1053 3474 1095 3516; x_wconf 94' lang='grc' dir='ltr'><strong><em>ου</em></strong></span> <span class='ocrx_word' id='word_1_240' title='bbox 1085 3447 1239 3537; x_wconf 82' lang='grc' dir='ltr'><strong><em>’λάβοιμι</em></strong></span> 
     </span>
    </p>

    <p class='ocr_par' dir='ltr' id='par_1_10' title="bbox 243 3546 1237 3634">
     <span class='ocr_line' id='line_1_31' title="bbox 243 3546 1237 3634; baseline 0.006 -24"><span class='ocrx_word' id='word_1_241' title='bbox 243 3603 248 3608; x_wconf 91' lang='grc'><em>.</em></span> <span class='ocrx_word' id='word_1_242' title='bbox 284 3546 325 3612; x_wconf 76' lang='grc' dir='ltr'><strong><em>ἐκ</em></strong></span> <span class='ocrx_word' id='word_1_243' title='bbox 337 3572 397 3613; x_wconf 89' lang='grc' dir='ltr'><strong><em>τοο</em></strong></span> <span class='ocrx_word' id='word_1_244' title='bbox 383 3547 612 3634; x_wconf 74' lang='grc' dir='ltr'><strong><em>’νεωρίου,’</em></strong></span> <span class='ocrx_word' id='word_1_245' title='bbox 593 3576 642 3616; x_wconf 92' lang='grc' dir='ltr'><strong><em>οτι</em></strong></span> <span class='ocrx_word' id='word_1_246' title='bbox 654 3551 697 3617; x_wconf 87' lang='grc' dir='ltr'><strong><em>σύ</em></strong></span> <span class='ocrx_word' id='word_1_247' title='bbox 713 3548 857 3634; x_wconf 86' lang='grc' dir='ltr'><strong><em>άδόκιμα</em></strong></span> <span class='ocrx_word' id='word_1_248' title='bbox 875 3546 1081 3633; x_wconf 80' lang='grc' dir='ltr'><strong><em>ἐποίησας</em></strong></span> <span class='ocrx_word' id='word_1_249' title='bbox 1039 3574 1130 3619; x_wconf 90' lang='grc' dir='ltr'><strong><em>αυτα.</em></strong></span> <span class='ocrx_word' id='word_1_250' title='bbox 1168 3546 1237 3616; x_wconf 83' lang='grc' dir='ltr'><strong><em>ἄλλ’</em></strong></span> 
     </span>
    </p>

    <p class='ocr_par' dir='ltr' id='par_1_11' title="bbox 254 3645 1239 3834">
     <span class='ocr_line' id='line_1_32' title="bbox 254 3645 1239 3735; baseline 0.003 -25"><span class='ocrx_word' id='word_1_251' title='bbox 254 3661 255 3664; x_wconf 75' lang='grc'>’</span> <span class='ocrx_word' id='word_1_252' title='bbox 289 3654 322 3710; x_wconf 89' lang='grc' dir='ltr'><strong><em>εί</em></strong></span> <span class='ocrx_word' id='word_1_253' title='bbox 328 3645 390 3730; x_wconf 76' lang='grc' dir='ltr'><strong><em>μὲν</em></strong></span> <span class='ocrx_word' id='word_1_254' title='bbox 400 3646 530 3733; x_wconf 87' lang='grc' dir='ltr'><strong><em>βούλει,</em></strong></span> <span class='ocrx_word' id='word_1_255' title='bbox 548 3656 652 3715; x_wconf 82' lang='grc' dir='ltr'><strong><em>ταῦτα</em></strong></span> <span class='ocrx_word' id='word_1_256' title='bbox 668 3648 855 3734; x_wconf 88' lang='grc' dir='ltr'><strong><em>παράλαβε·</em></strong></span> <span class='ocrx_word' id='word_1_257' title='bbox 879 3653 910 3714; x_wconf 83' lang='grc' dir='ltr'><strong><em>εί</em></strong></span> <span class='ocrx_word' id='word_1_258' title='bbox 917 3647 953 3716; x_wconf 74' lang='grc' dir='ltr'><strong><em>δὲ</em></strong></span> <span class='ocrx_word' id='word_1_259' title='bbox 964 3648 1025 3735; x_wconf 78' lang='grc' dir='ltr'><strong><em>μὴ,</em></strong></span> <span class='ocrx_word' id='word_1_260' title='bbox 1039 3649 1141 3734; x_wconf 84' lang='grc' dir='ltr'><strong><em>σκεύη</em></strong></span> <span class='ocrx_word' id='word_1_261' title='bbox 1154 3668 1239 3714; x_wconf 94' lang='grc' dir='ltr'><strong><em>σαυ-</em></strong></span> 
     </span>
     <span class='ocr_line' id='line_1_33' title="bbox 288 3745 1238 3834; baseline 0.006 -26"><span class='ocrx_word' id='word_1_262' title='bbox 288 3748 337 3831; x_wconf 77' lang='grc' dir='ltr'><strong><em>τςό</em></strong></span> <span class='ocrx_word' id='word_1_263' title='bbox 347 3745 583 3828; x_wconf 80' lang='grc' dir='ltr'><strong><em>παρασκεύαζε.</em></strong></span> <span class='ocrx_word' id='word_1_264' title='bbox 612 3749 740 3832; x_wconf 71' lang='grc' dir='ltr'><strong><em>περὶδὶ</em></strong></span> <span class='ocrx_word' id='word_1_265' title='bbox 750 3754 969 3817; x_wconf 69' lang='grc' dir='ltr'><strong><em>τοῖνναυτῶν</em></strong></span> <span class='ocrx_word' id='word_1_266' title='bbox 979 3749 1035 3816; x_wconf 79' lang='grc' dir='ltr'><strong><em>καὶ</em></strong></span> <span class='ocrx_word' id='word_1_267' title='bbox 1044 3755 1112 3816; x_wconf 80' lang='grc' dir='ltr'><strong><em>τῶν</em></strong></span> <span class='ocrx_word' id='word_1_268' title='bbox 1123 3749 1238 3834; x_wconf 82' lang='grc' dir='ltr'><strong><em>ἐπιβα-</em></strong></span> 
     </span>
    </p>
   </div>
   <div class='ocr_carea' id='block_1_3' title="bbox 0 0 1584 4409">
    <p class='ocr_par' dir='ltr' id='par_1_12' title="bbox 0 0 1584 4409">
     <span class='ocr_line' id='line_1_34' title="bbox 0 0 1584 4409; baseline 0 0"><span class='ocrx_word' id='word_1_269' title='bbox 0 0 1584 4409; x_wconf 95' lang='lat' dir='ltr'><strong><em> </em></strong></span> 
     </span>
    </p>
   </div>
  </div>
 </body>
</html>
