3159 4409
315 485 378 550 τοο
566 480 1018 560 [Λιιιυοεοιιωοοῑ]

271 676 307 729 22
316 651 435 724 λιτείκς
445 646 501 712 καὶ
511 649 569 730 τῆς
580 648 734 729 τελευτῆς
743 647 935 728 γεγονυίας,
952 638 1031 727 μηδ’
1046 647 1092 720 είς
1103 638 1190 709 δκκὶ
1201 654 1269 721 τοῖς

314 742 443 830 ἀγνῶσι
462 745 518 811 καί
534 739 596 828 ὑφ’
622 733 671 810 οἷν
688 738 860 827 ἠδικείσθε
877 740 1001 825 ἕτοιμοι
1016 735 1077 807 τδν
1093 737 1198 808 ἄλλον
1213 731 1269 826 ἦτε

314 840 452 927 χρόνον,
474 846 520 919 είς
539 845 633 908 ἔλεον
649 841 705 907 καὶ
716 845 992 923 φιλανθρωπίαν,
1015 834 1094 923 μηδ’
1106 842 1152 918 είς
1162 828 1262 906 ταῦθ’

315 936 401 1023 ὑμᾶς
411 935 534 1018 αὑτοὺς
545 936 680 1024 ὁμοίους
691 941 861 1024 παρέχειν,
872 940 928 1004 καὶ
937 935 1032 1004 ταῦτ’
1044 941 1090 1016 είς
1099 938 1181 1016 τοὺς
1192 950 1269 1006 παλ-

315 1042 374 1115 δκς
391 1034 495 1106 αὑτοῦ
511 1039 708 1124 γιγνομένης
723 1044 782 1123 της
797 1041 968 1123 τιμωρίας,
990 1033 1049 1116 οδς
1059 1032 1126 1104 κδν
1136 1038 1267 1123 ἐχθρὰς,

315 1144 405 1219 είπερ
416 1137 545 1220 μέτριος
556 1145 605 1221 εἴη
618 1137 673 1204 καὶ
687 1137 847 1222 λογισμὸν
857 1141 957 1223 ἔχων,
969 1135 1115 1223 ἐλεήσαις

270 1263 305 1317 ςς
398 1234 561 1319 Θαυμύζω
572 1241 688 1303 τοίνυν
698 1235 755 1302 καί
762 1232 856 1302 τοῦτ’
870 1242 903 1302 εί
908 1258 958 1312 τις
967 1231 1064 1320 ὑμῶν
1073 1231 1207 1319 ἀγνοεῖ,
1224 1229 1268 1312 ὑς
1277 1250 1333 1306 148⁰

315 1328 392 1400 οὑδὲ
403 1338 501 1400 τοῦτο
513 1335 675 1420 συμφέρει
684 1339 725 1421 τῇ
735 1340 883 1420 πολιτεία
893 1330 1044 1418 φαυερδν
1053 1333 1266 1420 γιγνόμενον,

313 1429 365 1497 ὅτι
375 1443 443 1508 τοῖς
454 1430 516 1515 μὲν
525 1429 631 1519 ἄλλην
643 1429 718 1499 τινὰ
726 1435 943 1518 κτησαμένοις
954 1436 1069 1516 φιλίαν
1079 1433 1134 1498 καί
1146 1457 1268 1517 κατορ-

314 1535 439 1596 θοῦσιν
454 1530 492 1596 ἐν
509 1535 591 1598 πᾶσι
601 1539 811 1599 πλεονεκτεῖν
821 1527 980 1617 ὑπάρχει,
1000 1525 1067 1598 κᾶν
1077 1527 1271 1618 ὑτνχήσωσί

313 1654 354 1718 τι,
366 1630 483 1719 ῥᾳδίοις
492 1627 577 1698 εἶναι
587 1627 646 1710 τοὶς
656 1630 778 1717 λύσεις,
790 1644 859 1708 τοῖς
869 1627 901 1697 δ’
915 1635 961 1708 είς
973 1628 1033 1696 τδν
1044 1633 1152 1716 δῆμον
1162 1626 1268 1712 ύναρ-

313 1730 452 1816 τησιισιν
473 1726 611 1807 ἑαυτούς
627 1727 669 1796 οὐ
686 1729 794 1815 μόνον
809 1726 893 1796 κατὰ
909 1726 1012 1795 τύλλα
1029 1731 1167 1795 ἔλαττον
1183 1732 1269 1814 ἔχειν

313 1827 468 1916 ὑπάρξει,
485 1825 568 1896 ἀλλὰ
581 1830 637 1897 καὶ
646 1827 704 1907 τὺς
715 1825 891 1915 συμφορὰς
899 1833 1055 1914 βεβαίους
1065 1826 1196 1906 τούτοις
1206 1825 1268 1912 μό-

314 1951 385 2004 νοις
396 1934 464 1993 τιόν
475 1925 588 1994 ἄλλων
600 1929 720 2011 μένειν.
749 1924 834 1994 ἀλλὰ
845 1926 913 2012 μην
923 1924 974 1994 ὅτι
989 1925 1089 1994 τοῦθ’
1107 1923 1198 1993 οὑτω
1214 1931 1267 2009 γί-

271 2050 426 2116 ,4γνεται
444 2024 564 2112 ῥηίδιον
575 2026 685 2102 δεῖξαι.
720 2031 769 2102 τίς
778 2021 844 2110 γὰρ
859 2021 922 2090 οὑκ
935 2021 1025 2091 οίδεν
1036 2020 1133 2110 ὑμεῖν
1143 2023 1267 2116 Λύχητι

313 2130 360 2211 τῷ
371 2121 587 2191 Μελκνύπου
597 2118 722 2199 ἁλῶναι
730 2123 791 2208 μὲν
800 2118 920 2208 ὁμοίως
928 2126 965 2190 ἐν
974 2127 1171 2210 δικαστηρίω
1178 2138 1266 2207 συμ-,

312 2221 379 2310 βίον
396 2220 440 2302 ὡς
455 2225 510 2291 καί
530 2231 595 2291 νύν
611 2235 680 2302 τοῖς
690 2222 891 2309 Λυκούργου
901 2223 1030 2306 παισὶν,
1051 2218 1221 2307 ἀφεθῆναι
1232 2221 1268 2289 δὲ

314 2330 383 2389 πᾶν
398 2321 435 2390 τδ
447 2321 580 2410 ὄφλημα
592 2321 1077 2406 ἐπιστείλαντοςἈλεξύνδρους
1100 2322 1155 2389 καὶ
1167 2321 1266 2388 πάλιν

312 2421 542 2511 Μνησιβούλςο
563 2430 609 2510 τῷ
617 2419 770 2509 Ἀχαρνεϊ
781 2419 910 2489 ὑλωναι
925 2421 987 2506 μὲν
1002 2417 1142 2506 ὁμοίως,
1164 2445 1266 2488 κατοι-

313 2519 452 2602 γνόντος
474 2517 580 2587 αὑτοῦ
598 2527 661 2587 τοὺ
679 2524 892 2605 δικαστηρίου
909 2518 1020 2604 ὥσπερ
1037 2521 1179 2587 καὶτῶν
1194 2526 1267 2585 Λν-

269 2643 303 2695 25
313 2617 462 2701 κούργου
479 2623 624 2704 παίδων,
647 2616 808 2702 ὑφεῖσθαι
821 2619 856 2688 δὲ
868 2625 976 2696 καλῶς
986 2626 1155 2696 ποιοῦντα
1176 2617 1266 2698 ἄξιος

312 2715 377 2800 γὰρ
389 2714 492 2804 ὑνηρ,
503 2720 559 2786 καί
570 2716 679 2796 οὐδεὶς
691 2720 743 2786 &xz
754 2713 885 2796 τούτοις
894 2715 973 2795 τοὺς
985 2716 1110 2802 νόμους
1120 2723 1186 2802 ἔφη
1205 2743 1266 2784 κα-

312 2815 495 2883 ταλύεσθαι
512 2823 657 2882 τῶννὺν
667 2816 834 2902 βούντων.
867 2815 1017 2894 εἰκότως·
1040 2813 1082 2882 οὑ
1091 2815 1158 2900 γὰρ
1169 2841 1267 2883 κατε-

313 2913 451 2996 λύοντο,
463 2922 554 2998 είιτερ
567 2912 710 2992 ἅπαντες
720 2919 754 2982 οἱ
763 2916 862 3001 νόμοι
872 2921 940 2982 τιόυ
951 2918 1090 2982 δικαίων
1101 2916 1200 2982 ἕνεκα
1212 2916 1267 2982 καλ

313 3019 474 3098 σωτηρίας
486 3019 552 3078 των
561 3019 712 3099 χρηστῶν
723 3011 917 3098 ἀνθρώπων
926 3019 1091 3099 τίθενται,
1111 3016 1167 3081 καὶ
1185 3014 1267 3099 μήτε

312 3109 439 3188 ἀϊδίους
448 3124 516 3189 τοῖς
527 3110 706 3198 ἀτυχήσασι
716 3114 917 3181 καθιστάναι
926 3111 985 3192 τὺς
993 3111 1171 3200 συμφορὰς
1180 3134 1267 3199 συμ

268 3237 302 3291 ης
312 3212 420 3293 φέρει,
432 3207 510 3295 μήτ’
522 3206 719 3295 ὑχαρίστους
729 3211 829 3293 ὄντας
839 3217 1028 3298 φαίνεσθαι.
1062 3209 1145 3280 ἀλλὰ
1158 3209 1227 3297 μην
1238 3219 1269 3278 εί

311 3306 458 3390 γετοιὺθ’
473 3307 594 3395 οὑτως,
614 3305 973 3397 ὑσπερὺυφήσαιμευ,
995 3316 1080 3397 ἔχειν
1091 3313 1267 3398 συμφέρει,

312 3400 354 3468 οὑ
372 3403 477 3488 μόνον
493 3405 572 3486 τοὺς
593 3409 718 3494 νόμους
735 3405 777 3476 ού
794 3408 984 3494 κατελύετε,
1007 3406 1107 3494 ἡνίκα
1118 3410 1269 3486 ἐκείνους

311 3497 441 3586 ἠφίετε,
462 3501 545 3570 ἀλλὰ
563 3506 708 3585 καὶτοὺς
718 3513 814 3593 βίους
825 3507 959 3587 ἐσοίζετε
970 3505 1127 3585 τωντοὺς
1138 3507 1268 3592 νόμους

311 3604 466 3685 θεμένων
477 3601 686 3690 ἀνθρώπων,
704 3604 839 3692 Λάχητα
849 3605 909 3690 μὲν
920 3603 1004 3688 πρὸς
1014 3604 1112 3692 χάριν
1122 3607 1265 3690 δεηθέν·

311 3697 592 3783 τοςἏλεξοὶυδρου
602 3699 751 3788 ὑφέντες,
764 3709 1007 3789 Μνησίβουλον
1017 3703 1053 3771 δὲ
1063 3709 1104 3790 τῇ
1115 3709 1178 3769 τοῦ
1187 3709 1267 3789 βίον
