<?xml version="1.0" encoding="UTF-8"?>
<!DOCTYPE html PUBLIC "-//W3C//DTD XHTML 1.0 Transitional//EN"
    "http://www.w3.org/TR/xhtml1/DTD/xhtml1-transitional.dtd">
<html xmlns="http://www.w3.org/1999/xhtml" xml:lang="en" lang="en">
 <head>
  <title>
</title>
<meta http-equiv="Content-Type" content="text/html;charset=utf-8" />
  <meta name='ocr-system' content='tesseract 3.04.00' />
  <meta name='ocr-capabilities' content='ocr_page ocr_carea ocr_par ocr_line ocrx_word'/>
</head>
<body>
  <div class='ocr_page' id='page_1' title='image "./orationesexrece02demogoog_0013.png"; bbox 0 0 3159 4409; ppageno 0'>
   <div class='ocr_carea' id='block_1_1' title="bbox 543 487 1247 573">
    <p class='ocr_par' dir='ltr' id='par_1_1' title="bbox 543 487 1247 573">
     <span class='ocr_line' id='line_1_1' title="bbox 543 487 1247 573; baseline 0.016 -26"><span class='ocrx_word' id='word_1_1' title='bbox 543 487 1000 558; x_wconf 62' lang='lat' dir='ltr'><em>HPOMHOYAIAN.</em></span> <span class='ocrx_word' id='word_1_2' title='bbox 1165 569 1167 573; x_wconf 17' lang='lat'><strong><em>¹</em></strong></span> <span class='ocrx_word' id='word_1_3' title='bbox 1227 491 1247 558; x_wconf 79' lang='grc' dir='ltr'><strong><em>ι</em></strong></span> 
     </span>
    </p>
   </div>
   <div class='ocr_carea' id='block_1_2' title="bbox 292 638 1269 945">
    <p class='ocr_par' dir='ltr' id='par_1_2' title="bbox 292 638 1269 945">
     <span class='ocr_line' id='line_1_2' title="bbox 292 638 1248 739; baseline 0.008 -24"><span class='ocrx_word' id='word_1_4' title='bbox 292 648 350 716; x_wconf 84' lang='grc' dir='ltr'><strong><em>καὶ</em></strong></span> <span class='ocrx_word' id='word_1_5' title='bbox 367 644 388 733; x_wconf 88' lang='grc' dir='ltr'><strong><em>ή</em></strong></span> <span class='ocrx_word' id='word_1_6' title='bbox 407 646 531 715; x_wconf 83' lang='grc' dir='ltr'><strong><em>τούτου</em></strong></span> <span class='ocrx_word' id='word_1_7' title='bbox 550 645 635 732; x_wconf 87' lang='grc' dir='ltr'><strong><em>γυνή</em></strong></span> <span class='ocrx_word' id='word_1_8' title='bbox 653 638 736 733; x_wconf 86' lang='grc' dir='ltr'><strong><em>πρδς</em></strong></span> <span class='ocrx_word' id='word_1_9' title='bbox 749 661 822 737; x_wconf 80' lang='grc' dir='ltr'><strong><em>τοῖς</em></strong></span> <span class='ocrx_word' id='word_1_10' title='bbox 839 647 952 729; x_wconf 87' lang='grc' dir='ltr'><strong><em>άλλοις</em></strong></span> <span class='ocrx_word' id='word_1_11' title='bbox 967 652 1096 731; x_wconf 79' lang='grc' dir='ltr'><em>τούτοις</em></span> <span class='ocrx_word' id='word_1_12' title='bbox 1106 667 1173 732; x_wconf 79' lang='grc' dir='ltr'><strong><em>τοῖς</em></strong></span> <span class='ocrx_word' id='word_1_13' title='bbox 1187 674 1248 739; x_wconf 84' lang='grc' dir='ltr'><strong><em>με·</em></strong></span> 
     </span>
     <span class='ocr_line' id='line_1_3' title="bbox 294 745 1247 838; baseline 0.01 -27"><span class='ocrx_word' id='word_1_14' title='bbox 294 745 540 836; x_wconf 82' lang='grc' dir='ltr'><strong><em>μαρτυρηκόσι,</em></strong></span> <span class='ocrx_word' id='word_1_15' title='bbox 565 753 817 831; x_wconf 77' lang='grc' dir='ltr'><strong><em>συγχωροῦντες</em></strong></span> <span class='ocrx_word' id='word_1_16' title='bbox 831 747 904 815; x_wconf 89' lang='grc' dir='ltr'><strong><em>τότε</em></strong></span> <span class='ocrx_word' id='word_1_17' title='bbox 920 753 976 817; x_wconf 80' lang='grc' dir='ltr'><strong><em>καὶ</em></strong></span> <span class='ocrx_word' id='word_1_18' title='bbox 991 752 1068 819; x_wconf 83' lang='grc' dir='ltr'><strong><em>οὔτε</em></strong></span> <span class='ocrx_word' id='word_1_19' title='bbox 1085 753 1168 838; x_wconf 84' lang='grc' dir='ltr'><strong><em>πρὸς</em></strong></span> <span class='ocrx_word' id='word_1_20' title='bbox 1185 752 1247 821; x_wconf 89' lang='grc' dir='ltr'><strong><em>τδν</em></strong></span> 
     </span>
     <span class='ocr_line' id='line_1_4' title="bbox 294 841 1269 945; baseline 0.005 -33"><span class='ocrx_word' id='word_1_21' title='bbox 294 845 513 913; x_wconf 76' lang='grc' dir='ltr'><strong><em>Πολύευκτον</em></strong></span> <span class='ocrx_word' id='word_1_22' title='bbox 528 841 738 923; x_wconf 73' lang='grc' dir='ltr'><strong><em>ἀντειπόντες</em></strong></span> <span class='ocrx_word' id='word_1_23' title='bbox 750 848 941 931; x_wconf 80' lang='grc' dir='ltr'><strong><em>ἐπιβιοῠντα</em></strong></span> <span class='ocrx_word' id='word_1_24' title='bbox 952 849 1113 928; x_wconf 80' lang='grc' dir='ltr'><strong><em>τοσαύτας</em></strong></span> <span class='ocrx_word' id='word_1_25' title='bbox 1123 848 1246 937; x_wconf 78' lang='grc' dir='ltr'><strong><em>ἡμέρας</em></strong></span> <span class='ocrx_word' id='word_1_26' title='bbox 1261 925 1269 945; x_wconf 30' lang='lat' dir='ltr'>x</span> 
     </span>
    </p>
   </div>
   <div class='ocr_carea' id='block_1_3' title="bbox 247 940 1341 3798">
    <p class='ocr_par' dir='ltr' id='par_1_3' title="bbox 247 940 1341 3798">
     <span class='ocr_line' id='line_1_5' title="bbox 295 940 1341 1036; baseline 0.005 -24"><span class='ocrx_word' id='word_1_27' title='bbox 295 942 483 1028; x_wconf 73' lang='grc' dir='ltr'><strong><em>οὔτεπρὸς</em></strong></span> <span class='ocrx_word' id='word_1_28' title='bbox 504 940 565 1011; x_wconf 83' lang='grc' dir='ltr'><strong><em>τόν</em></strong></span> <span class='ocrx_word' id='word_1_29' title='bbox 586 941 833 1029; x_wconf 70' lang='grc' dir='ltr'><strong><em>Ἀριστογένην,</em></strong></span> <span class='ocrx_word' id='word_1_30' title='bbox 857 948 926 1013; x_wconf 79' lang='grc' dir='ltr'><strong><em>ἐπεὶ</em></strong></span> <span class='ocrx_word' id='word_1_31' title='bbox 942 945 1065 1036; x_wconf 85' lang='grc' dir='ltr'><strong><em>τάχιστ’</em></strong></span> <span class='ocrx_word' id='word_1_32' title='bbox 1085 948 1244 1035; x_wconf 88' lang='grc' dir='ltr'><strong><em>ήκονσαν.</em></strong></span> <span class='ocrx_word' id='word_1_33' title='bbox 1338 1001 1341 1007; x_wconf 84' lang='lat'>-</span> 
     </span>
     <span class='ocr_line' id='line_1_6' title="bbox 293 1039 1245 1138; baseline 0.002 -26"><span class='ocrx_word' id='word_1_34' title='bbox 293 1042 460 1138; x_wconf 53' lang='lat' dir='ltr'><strong><em>{impij</em></strong></span> <span class='ocrx_word' id='word_1_35' title='bbox 475 1051 508 1129; x_wconf 73' lang='grc' dir='ltr'><strong><em>εδ</em></strong></span> <span class='ocrx_word' id='word_1_36' title='bbox 521 1067 558 1126; x_wconf 91' lang='grc' dir='ltr'><strong><em>γε</em></strong></span> <span class='ocrx_word' id='word_1_37' title='bbox 578 1046 711 1120; x_wconf 76' lang='grc' dir='ltr'><strong><em>δικαίως</em></strong></span> <span class='ocrx_word' id='word_1_38' title='bbox 730 1039 935 1130; x_wconf 86' lang='grc' dir='ltr'><strong><em>άπετιμήθη,</em></strong></span> <span class='ocrx_word' id='word_1_39' title='bbox 948 1050 1174 1133; x_wconf 80' lang='grc' dir='ltr'><strong><em>μεμνημένοις</em></strong></span> <span class='ocrx_word' id='word_1_40' title='bbox 1184 1056 1245 1116; x_wconf 82' lang='grc' dir='ltr'><strong><em>τοῦ</em></strong></span> 
     </span>
     <span class='ocr_line' id='line_1_7' title="bbox 293 1137 1244 1230; baseline 0.002 -20"><span class='ocrx_word' id='word_1_41' title='bbox 293 1142 403 1228; x_wconf 81' lang='grc' dir='ltr'><strong><em>νόμον</em></strong></span> <span class='ocrx_word' id='word_1_42' title='bbox 413 1138 497 1207; x_wconf 81' lang='grc' dir='ltr'><strong><em>κατά</em></strong></span> <span class='ocrx_word' id='word_1_43' title='bbox 508 1141 570 1227; x_wconf 77' lang='grc' dir='ltr'><strong><em>μέν</em></strong></span> <span class='ocrx_word' id='word_1_44' title='bbox 580 1138 674 1207; x_wconf 82' lang='grc' dir='ltr'><strong><em>τοῦθ’</em></strong></span> <span class='ocrx_word' id='word_1_45' title='bbox 689 1137 767 1225; x_wconf 81' lang='grc' dir='ltr'><strong><em>ὑμῖν</em></strong></span> <span class='ocrx_word' id='word_1_46' title='bbox 784 1140 846 1208; x_wconf 78' lang='grc' dir='ltr'><strong><em>οὐκ</em></strong></span> <span class='ocrx_word' id='word_1_47' title='bbox 859 1147 952 1216; x_wconf 82' lang='grc' dir='ltr'><strong><em>ἔστιν</em></strong></span> <span class='ocrx_word' id='word_1_48' title='bbox 965 1142 1244 1230; x_wconf 79' lang='grc' dir='ltr'><strong><em>ἀποψηφίσασθαι</em></strong></span> 
     </span>
     <span class='ocr_line' id='line_1_8' title="bbox 249 1241 1331 1328; baseline -0.006 -14"><span class='ocrx_word' id='word_1_49' title='bbox 249 1245 480 1314; x_wconf 67' lang='grc' dir='ltr'><strong><em>θοΣπονδίου.</em></strong></span> <span class='ocrx_word' id='word_1_50' title='bbox 503 1242 673 1319; x_wconf 82' lang='grc' dir='ltr'><strong><em>σκέψασθε</em></strong></span> <span class='ocrx_word' id='word_1_51' title='bbox 685 1242 721 1308; x_wconf 78' lang='grc' dir='ltr'><strong><em>δὲ</em></strong></span> <span class='ocrx_word' id='word_1_52' title='bbox 733 1244 787 1307; x_wconf 81' lang='grc' dir='ltr'><strong><em>καὶ</em></strong></span> <span class='ocrx_word' id='word_1_53' title='bbox 799 1243 950 1325; x_wconf 76' lang='grc' dir='ltr'><strong><em>περὶτῶν</em></strong></span> <span class='ocrx_word' id='word_1_54' title='bbox 963 1252 1067 1310; x_wconf 76' lang='grc' dir='ltr'><strong><em>εἰκοσι</em></strong></span> <span class='ocrx_word' id='word_1_55' title='bbox 1077 1251 1188 1328; x_wconf 76' lang='grc' dir='ltr'><strong><em>μνῶν,</em></strong></span> <span class='ocrx_word' id='word_1_56' title='bbox 1205 1241 1244 1322; x_wconf 78' lang='grc' dir='ltr'><strong><em>δὶς</em></strong></span> <span class='ocrx_word' id='word_1_57' title='bbox 1329 1314 1331 1320; x_wconf 55' lang='grc'><strong><em>,</em></strong></span> 
     </span>
     <span class='ocr_line' id='line_1_9' title="bbox 293 1334 1244 1425; baseline 0 -17"><span class='ocrx_word' id='word_1_58' title='bbox 293 1338 359 1408; x_wconf 81' lang='grc' dir='ltr'><strong><em>οὐκ</em></strong></span> <span class='ocrx_word' id='word_1_59' title='bbox 370 1340 584 1425; x_wconf 84' lang='grc' dir='ltr'><strong><em>ἐπαναφέρει·</em></strong></span> <span class='ocrx_word' id='word_1_60' title='bbox 596 1341 661 1407; x_wconf 76' lang='grc' dir='ltr'><strong><em>,καὶ</em></strong></span> <span class='ocrx_word' id='word_1_61' title='bbox 678 1337 743 1424; x_wconf 90' lang='grc' dir='ltr'><strong><em>γάρ</em></strong></span> <span class='ocrx_word' id='word_1_62' title='bbox 759 1342 900 1407; x_wconf 80' lang='grc' dir='ltr'><strong><em>ἐνταυθὶ</em></strong></span> <span class='ocrx_word' id='word_1_63' title='bbox 917 1339 1018 1409; x_wconf 90' lang='grc' dir='ltr'><strong><em>πάλιν</em></strong></span> <span class='ocrx_word' id='word_1_64' title='bbox 1034 1338 1134 1420; x_wconf 78' lang='grc' dir='ltr'><strong><em>αὐτὸς</em></strong></span> <span class='ocrx_word' id='word_1_65' title='bbox 1145 1334 1244 1420; x_wconf 81' lang='grc' dir='ltr'><strong><em>οὗτός</em></strong></span> 
     </span>
     <span class='ocr_line' id='line_1_10' title="bbox 292 1436 1243 1526; baseline 0.001 -20"><span class='ocrx_word' id='word_1_66' title='bbox 292 1466 351 1525; x_wconf 91' lang='grc' dir='ltr'><strong><em>μοι</em></strong></span> <span class='ocrx_word' id='word_1_67' title='bbox 363 1442 516 1526; x_wconf 83' lang='grc' dir='ltr'><strong><em>μέγιστος</em></strong></span> <span class='ocrx_word' id='word_1_68' title='bbox 533 1445 622 1506; x_wconf 86' lang='grc' dir='ltr'><strong><em>ἐσται</em></strong></span> <span class='ocrx_word' id='word_1_69' title='bbox 638 1440 780 1524; x_wconf 78' lang='grc' dir='ltr'><strong><em>μάρτυς,</em></strong></span> <span class='ocrx_word' id='word_1_70' title='bbox 803 1436 845 1505; x_wconf 81' lang='grc' dir='ltr'><strong><em>οὐ</em></strong></span> <span class='ocrx_word' id='word_1_71' title='bbox 862 1437 950 1526; x_wconf 77' lang='grc' dir='ltr'><strong><em>λόγῳ</em></strong></span> <span class='ocrx_word' id='word_1_72' title='bbox 970 1436 1014 1523; x_wconf 85' lang='grc' dir='ltr'><strong><em>μά</em></strong></span> <span class='ocrx_word' id='word_1_73' title='bbox 1026 1445 1109 1523; x_wconf 87' lang='grc' dir='ltr'><strong><em>Δία,</em></strong></span> <span class='ocrx_word' id='word_1_74' title='bbox 1133 1437 1243 1523; x_wconf 76' lang='grc' dir='ltr'><strong><em>ὥσπερ</em></strong></span> 
     </span>
     <span class='ocr_line' id='line_1_11' title="bbox 292 1535 1317 1625; baseline 0.001 -21"><span class='ocrx_word' id='word_1_75' title='bbox 292 1545 373 1623; x_wconf 80' lang='grc' dir='ltr'><strong><em>νῦν,</em></strong></span> <span class='ocrx_word' id='word_1_76' title='bbox 384 1535 743 1622; x_wconf 75' lang='grc' dir='ltr'><strong><em>άντιδικων(τουτὶμὲν</em></strong></span> <span class='ocrx_word' id='word_1_77' title='bbox 753 1536 816 1621; x_wconf 85' lang='grc' dir='ltr'><strong><em>γὰρ</em></strong></span> <span class='ocrx_word' id='word_1_78' title='bbox 829 1535 929 1605; x_wconf 79' lang='grc' dir='ltr'><strong><em>οὐδὲν</em></strong></span> <span class='ocrx_word' id='word_1_79' title='bbox 941 1537 1118 1623; x_wconf 89' lang='grc' dir='ltr'><strong><em>τεκμήριόν</em></strong></span> <span class='ocrx_word' id='word_1_80' title='bbox 1129 1541 1243 1625; x_wconf 80' lang='grc' dir='ltr'><strong><em>ἐστιν),</em></strong></span> <span class='ocrx_word' id='word_1_81' title='bbox 1272 1551 1281 1599; x_wconf 80' lang='lat'><strong><em>‘.</em></strong></span> <span class='ocrx_word' id='word_1_82' title='bbox 1315 1557 1317 1559; x_wconf 76' lang='grc'><strong><em>’</em></strong></span> 
     </span>
     <span class='ocr_line' id='line_1_12' title="bbox 294 1627 1286 1726; baseline -0.002 -24"><span class='ocrx_word' id='word_1_83' title='bbox 294 1633 364 1704; x_wconf 81' lang='grc' dir='ltr'><strong><em>ἀλλ’</em></strong></span> <span class='ocrx_word' id='word_1_84' title='bbox 383 1642 470 1726; x_wconf 77' lang='grc' dir='ltr'><strong><em>ἔργωΙ</em></strong></span> <span class='ocrx_word' id='word_1_85' title='bbox 486 1649 671 1721; x_wconf 78' lang='grc' dir='ltr'><strong><em>περιφανεῖ.</em></strong></span> <span class='ocrx_word' id='word_1_86' title='bbox 711 1642 744 1701; x_wconf 90' lang='grc' dir='ltr'><strong><em>τί</em></strong></span> <span class='ocrx_word' id='word_1_87' title='bbox 752 1642 875 1720; x_wconf 77' lang='grc' dir='ltr'><strong><em>ποιων,</em></strong></span> <span class='ocrx_word' id='word_1_88' title='bbox 900 1627 1063 1722; x_wconf 79' lang='grc' dir='ltr'><strong><em>όάνδρες</em></strong></span> <span class='ocrx_word' id='word_1_89' title='bbox 1080 1642 1243 1717; x_wconf 69' lang='grc' dir='ltr'><strong><em>δικασταί,</em></strong></span> <span class='ocrx_word' id='word_1_90' title='bbox 1283 1690 1286 1700; x_wconf 70' lang='grc'><strong><em>,</em></strong></span> 
     </span>
     <span class='ocr_line' id='line_1_13' title="bbox 293 1731 1244 1826; baseline 0 -23"><span class='ocrx_word' id='word_1_91' title='bbox 293 1733 401 1826; x_wconf 75' lang='grc' dir='ltr'><strong><em>τούτῳ·</em></strong></span> <span class='ocrx_word' id='word_1_92' title='bbox 418 1735 483 1821; x_wconf 89' lang='grc' dir='ltr'><strong><em>γάρ</em></strong></span> <span class='ocrx_word' id='word_1_93' title='bbox 500 1735 564 1822; x_wconf 85' lang='grc' dir='ltr'><strong><em>ήδη</em></strong></span> <span class='ocrx_word' id='word_1_94' title='bbox 582 1737 755 1819; x_wconf 83' lang='grc' dir='ltr'><strong><em>προσέχετε</em></strong></span> <span class='ocrx_word' id='word_1_95' title='bbox 773 1731 943 1820; x_wconf 80' lang='grc' dir='ltr'><strong><em>τόννουν,</em></strong></span> <span class='ocrx_word' id='word_1_96' title='bbox 968 1732 1007 1800; x_wconf 77' lang='grc' dir='ltr'><strong><em>ἵν’</em></strong></span> <span class='ocrx_word' id='word_1_97' title='bbox 1021 1731 1080 1801; x_wconf 86' lang='grc' dir='ltr'><strong><em>ἐάν</em></strong></span> <span class='ocrx_word' id='word_1_98' title='bbox 1091 1735 1244 1819; x_wconf 87' lang='grc' dir='ltr'><strong><em>άρατολ-</em></strong></span> 
     </span>
     <span class='ocr_line' id='line_1_14' title="bbox 292 1829 1243 1922; baseline -0.001 -21"><span class='ocrx_word' id='word_1_99' title='bbox 292 1843 342 1922; x_wconf 74' lang='grc' dir='ltr'><strong><em>μά</em></strong></span> <span class='ocrx_word' id='word_1_100' title='bbox 352 1859 383 1901; x_wconf 86' lang='grc' dir='ltr'><strong><em>τι</em></strong></span> <span class='ocrx_word' id='word_1_101' title='bbox 399 1834 453 1901; x_wconf 83' lang='grc' dir='ltr'><strong><em>καὶ</em></strong></span> <span class='ocrx_word' id='word_1_102' title='bbox 469 1835 544 1919; x_wconf 81' lang='grc' dir='ltr'><strong><em>περὶ</em></strong></span> <span class='ocrx_word' id='word_1_103' title='bbox 560 1841 617 1918; x_wconf 83' lang='grc' dir='ltr'><strong><em>της</em></strong></span> <span class='ocrx_word' id='word_1_104' title='bbox 629 1829 752 1918; x_wconf 84' lang='grc' dir='ltr'><strong><em>μητρός</em></strong></span> <span class='ocrx_word' id='word_1_105' title='bbox 762 1840 831 1900; x_wconf 79' lang='grc' dir='ltr'><strong><em>τάν</em></strong></span> <span class='ocrx_word' id='word_1_106' title='bbox 848 1840 1019 1917; x_wconf 73' lang='grc' dir='ltr'><strong><em>γυναικῶν</em></strong></span> <span class='ocrx_word' id='word_1_107' title='bbox 1035 1841 1243 1920; x_wconf 81' lang='grc' dir='ltr'><strong><em>βλασφημεῖν</em></strong></span> 
     </span>
     <span class='ocr_line' id='line_1_15' title="bbox 292 1929 1244 2019; baseline 0.003 -21"><span class='ocrx_word' id='word_1_108' title='bbox 292 1929 317 2018; x_wconf 80' lang='grc' dir='ltr'><strong><em>ἦ</em></strong></span> <span class='ocrx_word' id='word_1_109' title='bbox 327 1935 403 2015; x_wconf 87' lang='grc' dir='ltr'><strong><em>περὶ</em></strong></span> <span class='ocrx_word' id='word_1_110' title='bbox 416 1939 485 1999; x_wconf 77' lang='grc' dir='ltr'><strong><em>των</em></strong></span> <span class='ocrx_word' id='word_1_111' title='bbox 497 1933 716 2017; x_wconf 87' lang='grc' dir='ltr'><strong><em>γραμμάτων,</em></strong></span> <span class='ocrx_word' id='word_1_112' title='bbox 735 1931 862 2010; x_wconf 77' lang='grc' dir='ltr'><strong><em>εἰδότας</em></strong></span> <span class='ocrx_word' id='word_1_113' title='bbox 878 1930 964 2017; x_wconf 81' lang='grc' dir='ltr'><strong><em>ὑμᾶς</em></strong></span> <span class='ocrx_word' id='word_1_114' title='bbox 980 1930 1024 2018; x_wconf 87' lang='grc' dir='ltr'><strong><em>μή</em></strong></span> <span class='ocrx_word' id='word_1_115' title='bbox 1037 1933 1176 2019; x_wconf 85' lang='grc' dir='ltr'><strong><em>δύνηται</em></strong></span> <span class='ocrx_word' id='word_1_116' title='bbox 1186 1937 1244 2001; x_wconf 85' lang='grc' dir='ltr'><strong><em>λέ-</em></strong></span> 
     </span>
     <span class='ocr_line' id='line_1_16' title="bbox 248 2028 1242 2117; baseline 0 -19"><span class='ocrx_word' id='word_1_117' title='bbox 248 2055 282 2108; x_wconf 77' lang='lat'><strong><em>21</em></strong></span> <span class='ocrx_word' id='word_1_118' title='bbox 292 2057 365 2117; x_wconf 91' lang='grc' dir='ltr'><strong><em>γων</em></strong></span> <span class='ocrx_word' id='word_1_119' title='bbox 375 2033 547 2110; x_wconf 79' lang='grc' dir='ltr'><strong><em>ἐξαπατᾶν.</em></strong></span> <span class='ocrx_word' id='word_1_120' title='bbox 578 2034 671 2098; x_wconf 81' lang='grc' dir='ltr'><strong><em>ταυτὶ</em></strong></span> <span class='ocrx_word' id='word_1_121' title='bbox 688 2031 752 2114; x_wconf 87' lang='grc' dir='ltr'><strong><em>γάρ</em></strong></span> <span class='ocrx_word' id='word_1_122' title='bbox 769 2028 810 2096; x_wconf 87' lang='grc' dir='ltr'><strong><em>τά</em></strong></span> <span class='ocrx_word' id='word_1_123' title='bbox 827 2033 1002 2117; x_wconf 88' lang='grc' dir='ltr'><strong><em>γράμματα</em></strong></span> <span class='ocrx_word' id='word_1_124' title='bbox 1018 2035 1170 2101; x_wconf 86' lang='grc' dir='ltr'><strong><em>κατέλιπε</em></strong></span> <span class='ocrx_word' id='word_1_125' title='bbox 1181 2032 1242 2117; x_wconf 78' lang='grc' dir='ltr'><strong><em>μὲν</em></strong></span> 
     </span>
     <span class='ocr_line' id='line_1_17' title="bbox 290 2126 1240 2220; baseline 0.001 -24"><span class='ocrx_word' id='word_1_126' title='bbox 290 2128 311 2217; x_wconf 85' lang='grc' dir='ltr'><strong><em>ή</em></strong></span> <span class='ocrx_word' id='word_1_127' title='bbox 324 2129 544 2196; x_wconf 83' lang='grc' dir='ltr'><strong><em>Πολυεύκτου</em></strong></span> <span class='ocrx_word' id='word_1_128' title='bbox 553 2126 656 2214; x_wconf 84' lang='grc' dir='ltr'><strong><em>γυνή,</em></strong></span> <span class='ocrx_word' id='word_1_129' title='bbox 675 2130 828 2212; x_wconf 88' lang='grc' dir='ltr'><strong><em>καθάπερ</em></strong></span> <span class='ocrx_word' id='word_1_130' title='bbox 847 2129 941 2198; x_wconf 78' lang='grc' dir='ltr'><strong><em>εἶτον</em></strong></span> <span class='ocrx_word' id='word_1_131' title='bbox 951 2128 1051 2220; x_wconf 75' lang='grc' dir='ltr'><strong><em>ὀλίγῳ</em></strong></span> <span class='ocrx_word' id='word_1_132' title='bbox 1063 2132 1240 2216; x_wconf 87' lang='grc' dir='ltr'><strong><em>πρότερον·</em></strong></span> 
     </span>
     <span class='ocr_line' id='line_1_18' title="bbox 290 2227 1241 2316; baseline -0.001 -18"><span class='ocrx_word' id='word_1_133' title='bbox 290 2227 570 2314; x_wconf 77' lang='grc' dir='ltr'><strong><em>ὁμολογουμένων</em></strong></span> <span class='ocrx_word' id='word_1_134' title='bbox 588 2227 623 2294; x_wconf 84' lang='grc' dir='ltr'><strong><em>δέ</em></strong></span> <span class='ocrx_word' id='word_1_135' title='bbox 638 2236 707 2304; x_wconf 72' lang='grc' dir='ltr'><strong><em>τοῖν</em></strong></span> <span class='ocrx_word' id='word_1_136' title='bbox 718 2235 862 2314; x_wconf 84' lang='grc' dir='ltr'><strong><em>σημείων</em></strong></span> <span class='ocrx_word' id='word_1_137' title='bbox 880 2231 938 2307; x_wconf 53' lang='grc' dir='ltr'><strong><em>καὶ,</em></strong></span> <span class='ocrx_word' id='word_1_138' title='bbox 951 2228 1039 2313; x_wconf 87' lang='grc' dir='ltr'><strong><em>παρά</em></strong></span> <span class='ocrx_word' id='word_1_139' title='bbox 1050 2237 1107 2316; x_wconf 80' lang='grc' dir='ltr'><strong><em>τῆς</em></strong></span> <span class='ocrx_word' id='word_1_140' title='bbox 1119 2230 1241 2297; x_wconf 79' lang='grc' dir='ltr'><strong><em>τούτου</em></strong></span> 
     </span>
     <span class='ocr_line' id='line_1_19' title="bbox 289 2325 1243 2415; baseline 0.002 -21"><span class='ocrx_word' id='word_1_141' title='bbox 289 2325 514 2415; x_wconf 84' lang='grc' dir='ltr'><strong><em>γυναικδςκαὶ</em></strong></span> <span class='ocrx_word' id='word_1_142' title='bbox 524 2326 612 2413; x_wconf 84' lang='grc' dir='ltr'><strong><em>παρά</em></strong></span> <span class='ocrx_word' id='word_1_143' title='bbox 620 2335 677 2413; x_wconf 81' lang='grc' dir='ltr'><strong><em>τῆς</em></strong></span> <span class='ocrx_word' id='word_1_144' title='bbox 688 2329 777 2413; x_wconf 82' lang='grc' dir='ltr'><strong><em>ἐμῆς,</em></strong></span> <span class='ocrx_word' id='word_1_145' title='bbox 786 2326 968 2414; x_wconf 79' lang='grc' dir='ltr'><strong><em>ἀμφότεροι</em></strong></span> <span class='ocrx_word' id='word_1_146' title='bbox 977 2329 1138 2412; x_wconf 86' lang='grc' dir='ltr'><strong><em>παρόντες</em></strong></span> <span class='ocrx_word' id='word_1_147' title='bbox 1148 2326 1243 2396; x_wconf 87' lang='grc' dir='ltr'><strong><em>άνοί-</em></strong></span> 
     </span>
     <span class='ocr_line' id='line_1_20' title="bbox 290 2423 1230 2510; baseline 0 -18"><span class='ocrx_word' id='word_1_148' title='bbox 290 2431 405 2507; x_wconf 79' lang='grc' dir='ltr'><strong><em>ξαντες</em></strong></span> <span class='ocrx_word' id='word_1_149' title='bbox 421 2423 611 2510; x_wconf 77' lang='grc' dir='ltr'><strong><em>ἀντίγραφά</em></strong></span> <span class='ocrx_word' id='word_1_150' title='bbox 632 2423 663 2491; x_wconf 85' lang='grc' dir='ltr'><strong><em>τ’</em></strong></span> <span class='ocrx_word' id='word_1_151' title='bbox 678 2425 857 2510; x_wconf 83' lang='grc' dir='ltr'><strong><em>ἐλάβομεν,</em></strong></span> <span class='ocrx_word' id='word_1_152' title='bbox 875 2425 1010 2493; x_wconf 81' lang='grc' dir='ltr'><strong><em>κάκεῖνα</em></strong></span> <span class='ocrx_word' id='word_1_153' title='bbox 1028 2428 1128 2493; x_wconf 90' lang='grc' dir='ltr'><strong><em>πάλιν</em></strong></span> <span class='ocrx_word' id='word_1_154' title='bbox 1138 2453 1230 2494; x_wconf 87' lang='grc' dir='ltr'><strong><em>κατα·</em></strong></span> 
     </span>
     <span class='ocr_line' id='line_1_21' title="bbox 247 2520 1240 2615; baseline -0.002 -22"><span class='ocrx_word' id='word_1_155' title='bbox 247 2553 282 2605; x_wconf 75' lang='lat'><strong><em>22</em></strong></span> <span class='ocrx_word' id='word_1_156' title='bbox 291 2524 522 2612; x_wconf 90' lang='grc' dir='ltr'><strong><em>σημηνάμενοι</em></strong></span> <span class='ocrx_word' id='word_1_157' title='bbox 535 2521 615 2607; x_wconf 75' lang='grc' dir='ltr'><strong><em>Ιπαρ’</em></strong></span> <span class='ocrx_word' id='word_1_158' title='bbox 637 2520 855 2615; x_wconf 76' lang='grc' dir='ltr'><strong><em>Ἀριστογένει</em></strong></span> <span class='ocrx_word' id='word_1_159' title='bbox 882 2527 1101 2609; x_wconf 86' lang='grc' dir='ltr'><strong><em>κατεθέμεθα.</em></strong></span> <span class='ocrx_word' id='word_1_160' title='bbox 1140 2533 1240 2593; x_wconf 79' lang='grc' dir='ltr'><strong><em>τοῦτο</em></strong></span> 
     </span>
     <span class='ocr_line' id='line_1_22' title="bbox 291 2616 1242 2710; baseline -0.003 -18"><span class='ocrx_word' id='word_1_161' title='bbox 291 2624 344 2710; x_wconf 87' lang='grc' dir='ltr'><strong><em>δή,</em></strong></span> <span class='ocrx_word' id='word_1_162' title='bbox 356 2632 467 2710; x_wconf 86' lang='grc' dir='ltr'><strong><em>τοῦτο,</em></strong></span> <span class='ocrx_word' id='word_1_163' title='bbox 480 2616 507 2690; x_wconf 80' lang='grc' dir='ltr'><strong><em>ό</em></strong></span> <span class='ocrx_word' id='word_1_164' title='bbox 518 2622 638 2708; x_wconf 88' lang='grc' dir='ltr'><strong><em>άνδρες</em></strong></span> <span class='ocrx_word' id='word_1_165' title='bbox 649 2625 808 2707; x_wconf 80' lang='grc' dir='ltr'><strong><em>δικασταὶ,</em></strong></span> <span class='ocrx_word' id='word_1_166' title='bbox 816 2623 940 2708; x_wconf 86' lang='grc' dir='ltr'><strong><em>μάθετε</em></strong></span> <span class='ocrx_word' id='word_1_167' title='bbox 951 2622 1034 2704; x_wconf 80' lang='grc' dir='ltr'><strong><em>πρὸς</em></strong></span> <span class='ocrx_word' id='word_1_168' title='bbox 1044 2630 1146 2690; x_wconf 73' lang='grc' dir='ltr'><strong><em>θεῶν.</em></strong></span> <span class='ocrx_word' id='word_1_169' title='bbox 1164 2627 1242 2710; x_wconf 86' lang='grc' dir='ltr'><strong><em>ἐνή-</em></strong></span> 
     </span>
     <span class='ocr_line' id='line_1_23' title="bbox 289 2718 1241 2809; baseline -0.002 -19"><span class='ocrx_word' id='word_1_170' title='bbox 289 2744 356 2790; x_wconf 91' lang='grc' dir='ltr'><strong><em>σαν</em></strong></span> <span class='ocrx_word' id='word_1_171' title='bbox 367 2723 430 2809; x_wconf 76' lang='grc' dir='ltr'><strong><em>μὲν</em></strong></span> <span class='ocrx_word' id='word_1_172' title='bbox 440 2721 504 2808; x_wconf 89' lang='grc' dir='ltr'><strong><em>γάρ</em></strong></span> <span class='ocrx_word' id='word_1_173' title='bbox 516 2727 553 2790; x_wconf 76' lang='grc' dir='ltr'><strong><em>αδ</em></strong></span> <span class='ocrx_word' id='word_1_174' title='bbox 562 2723 623 2789; x_wconf 83' lang='grc' dir='ltr'><strong><em>δύο</em></strong></span> <span class='ocrx_word' id='word_1_175' title='bbox 636 2736 732 2808; x_wconf 81' lang='grc' dir='ltr'><strong><em>μναῖ,</em></strong></span> <span class='ocrx_word' id='word_1_176' title='bbox 754 2718 774 2807; x_wconf 80' lang='grc' dir='ltr'><em>ἡ</em></span> <span class='ocrx_word' id='word_1_177' title='bbox 794 2719 869 2807; x_wconf 87' lang='grc' dir='ltr'><strong><em>τιμή</em></strong></span> <span class='ocrx_word' id='word_1_178' title='bbox 881 2729 942 2789; x_wconf 79' lang='grc' dir='ltr'><strong><em>τοῦ</em></strong></span> <span class='ocrx_word' id='word_1_179' title='bbox 959 2728 1104 2806; x_wconf 76' lang='grc' dir='ltr'><strong><em>οἰκέτου,</em></strong></span> <span class='ocrx_word' id='word_1_180' title='bbox 1122 2724 1183 2799; x_wconf 56' lang='grc' dir='ltr'><strong><em>ίκαὶ</em></strong></span> <span class='ocrx_word' id='word_1_181' title='bbox 1199 2721 1241 2788; x_wconf 84' lang='grc' dir='ltr'><strong><em>οὐ</em></strong></span> 
     </span>
     <span class='ocr_line' id='line_1_24' title="bbox 289 2817 1239 2908; baseline -0.005 -18"><span class='ocrx_word' id='word_1_182' title='bbox 289 2823 400 2908; x_wconf 89' lang='grc' dir='ltr'><strong><em>μόνον</em></strong></span> <span class='ocrx_word' id='word_1_183' title='bbox 411 2817 430 2888; x_wconf 87' lang='grc' dir='ltr'>ὁ</span> <span class='ocrx_word' id='word_1_184' title='bbox 441 2820 898 2906; x_wconf 81' lang='grc' dir='ltr'><strong><em>Πολάευκτοςάποθνήσκων</em></strong></span> <span class='ocrx_word' id='word_1_185' title='bbox 910 2823 1013 2884; x_wconf 78' lang='grc' dir='ltr'><strong><em>ταῦτα</em></strong></span> <span class='ocrx_word' id='word_1_186' title='bbox 1025 2819 1239 2905; x_wconf 86' lang='grc' dir='ltr'><strong><em>ἐνεκεκλήκει.</em></strong></span> 
     </span>
     <span class='ocr_line' id='line_1_25' title="bbox 289 2915 1238 3006; baseline -0.004 -18"><span class='ocrx_word' id='word_1_187' title='bbox 289 2923 417 3006; x_wconf 77' lang='grc' dir='ltr'><strong><em>ἐνῆσαν</em></strong></span> <span class='ocrx_word' id='word_1_188' title='bbox 428 2918 457 2987; x_wconf 88' lang='grc' dir='ltr'><strong><em>δ’</em></strong></span> <span class='ocrx_word' id='word_1_189' title='bbox 472 2922 510 2987; x_wconf 77' lang='grc' dir='ltr'><strong><em>αδ</em></strong></span> <span class='ocrx_word' id='word_1_190' title='bbox 519 2927 618 3004; x_wconf 86' lang='grc' dir='ltr'><strong><em>χίλιαι</em></strong></span> <span class='ocrx_word' id='word_1_191' title='bbox 635 2921 689 2986; x_wconf 83' lang='grc' dir='ltr'><strong><em>καὶ</em></strong></span> <span class='ocrx_word' id='word_1_192' title='bbox 707 2915 898 2986; x_wconf 87' lang='grc' dir='ltr'><strong><em>ὀκτακόσιαι</em></strong></span> <span class='ocrx_word' id='word_1_193' title='bbox 909 2924 1058 3005; x_wconf 86' lang='grc' dir='ltr'><strong><em>δραχμαί.</em></strong></span> <span class='ocrx_word' id='word_1_194' title='bbox 1092 2926 1195 2985; x_wconf 85' lang='grc' dir='ltr'><strong><em>ταῦτα</em></strong></span> <span class='ocrx_word' id='word_1_195' title='bbox 1206 2915 1238 2984; x_wconf 85' lang='grc' dir='ltr'><strong><em>δ’</em></strong></span> 
     </span>
     <span class='ocr_line' id='line_1_26' title="bbox 289 3013 1239 3107; baseline -0.004 -21"><span class='ocrx_word' id='word_1_196' title='bbox 289 3014 471 3105; x_wconf 81' lang='grc' dir='ltr'><strong><em>άναγνοδς,</em></strong></span> <span class='ocrx_word' id='word_1_197' title='bbox 490 3024 521 3086; x_wconf 82' lang='grc' dir='ltr'><strong><em>εἰ</em></strong></span> <span class='ocrx_word' id='word_1_198' title='bbox 530 3017 591 3103; x_wconf 74' lang='grc' dir='ltr'><strong><em>μέν</em></strong></span> <span class='ocrx_word' id='word_1_199' title='bbox 602 3015 691 3107; x_wconf 79' lang='grc' dir='ltr'><strong><em>αὐτῷ</em></strong></span> <span class='ocrx_word' id='word_1_200' title='bbox 704 3016 808 3103; x_wconf 67' lang='grc' dir='ltr'><strong><em>μηδὲν</em></strong></span> <span class='ocrx_word' id='word_1_201' title='bbox 825 3024 971 3103; x_wconf 77' lang='grc' dir='ltr'><strong><em>προσῆκε</em></strong></span> <span class='ocrx_word' id='word_1_202' title='bbox 988 3014 1065 3102; x_wconf 83' lang='grc' dir='ltr'><strong><em>μηδ’</em></strong></span> <span class='ocrx_word' id='word_1_203' title='bbox 1079 3015 1188 3102; x_wconf 85' lang='grc' dir='ltr'><strong><em>άληθή</em></strong></span> <span class='ocrx_word' id='word_1_204' title='bbox 1200 3013 1239 3083; x_wconf 85' lang='grc' dir='ltr'><strong><em>τά</em></strong></span> 
     </span>
     <span class='ocr_line' id='line_1_27' title="bbox 287 3111 1239 3205; baseline 0 -21"><span class='ocrx_word' id='word_1_205' title='bbox 287 3121 502 3205; x_wconf 84' lang='grc' dir='ltr'><strong><em>γεγραμμένα</em></strong></span> <span class='ocrx_word' id='word_1_206' title='bbox 519 3111 579 3202; x_wconf 85' lang='grc' dir='ltr'><strong><em>ήν,</em></strong></span> <span class='ocrx_word' id='word_1_207' title='bbox 598 3124 631 3183; x_wconf 87' lang='grc' dir='ltr'><strong><em>τί</em></strong></span> <span class='ocrx_word' id='word_1_208' title='bbox 640 3117 680 3201; x_wconf 93' lang='grc' dir='ltr'><strong><em>δή</em></strong></span> <span class='ocrx_word' id='word_1_209' title='bbox 698 3113 768 3183; x_wconf 82' lang='grc' dir='ltr'><strong><em>ποτ’</em></strong></span> <span class='ocrx_word' id='word_1_210' title='bbox 779 3113 842 3183; x_wconf 81' lang='grc' dir='ltr'><strong><em>οὐκ</em></strong></span> <span class='ocrx_word' id='word_1_211' title='bbox 859 3115 964 3196; x_wconf 74' lang='grc' dir='ltr'><strong><em>εὐθὺς</em></strong></span> <span class='ocrx_word' id='word_1_212' title='bbox 975 3113 1152 3202; x_wconf 89' lang='grc' dir='ltr'><strong><em>ήγανάκτει</em></strong></span> <span class='ocrx_word' id='word_1_213' title='bbox 1164 3120 1239 3200; x_wconf 81' lang='grc' dir='ltr'><strong><em>περὶ</em></strong></span> 
     </span>
     <span class='ocr_line' id='line_1_28' title="bbox 256 3211 1239 3306; baseline 0.001 -23"><span class='ocrx_word' id='word_1_214' title='bbox 256 3240 259 3247; x_wconf 87' lang='grc'><strong>’</strong></span> <span class='ocrx_word' id='word_1_215' title='bbox 287 3214 418 3294; x_wconf 79' lang='grc' dir='ltr'><strong><em>αὐτῶν;</em></strong></span> <span class='ocrx_word' id='word_1_216' title='bbox 438 3218 516 3284; x_wconf 80' lang='grc' dir='ltr'><strong><em>τίδὲ</em></strong></span> <span class='ocrx_word' id='word_1_217' title='bbox 528 3221 784 3306; x_wconf 80' lang='grc' dir='ltr'><strong><em>συνεσημαίνετο</em></strong></span> <span class='ocrx_word' id='word_1_218' title='bbox 796 3215 898 3282; x_wconf 87' lang='grc' dir='ltr'><strong><em>πάλιν</em></strong></span> <span class='ocrx_word' id='word_1_219' title='bbox 907 3213 952 3281; x_wconf 84' lang='grc' dir='ltr'><strong><em>τά</em></strong></span> <span class='ocrx_word' id='word_1_220' title='bbox 964 3218 1066 3300; x_wconf 81' lang='grc' dir='ltr'><strong><em>μηδὲν</em></strong></span> <span class='ocrx_word' id='word_1_221' title='bbox 1078 3211 1165 3298; x_wconf 77' lang='grc' dir='ltr'><strong><em>ὑγιὲς</em></strong></span> <span class='ocrx_word' id='word_1_222' title='bbox 1179 3215 1239 3284; x_wconf 85' lang='grc' dir='ltr'><strong><em>όν-</em></strong></span> 
     </span>
     <span class='ocr_line' id='line_1_29' title="bbox 287 3308 1315 3403; baseline -0.001 -20"><span class='ocrx_word' id='word_1_223' title='bbox 287 3341 329 3384; x_wconf 88' lang='grc' dir='ltr'><strong><em>τα</em></strong></span> <span class='ocrx_word' id='word_1_224' title='bbox 335 3315 416 3403; x_wconf 87' lang='grc' dir='ltr'><strong><em>μηδ’</em></strong></span> <span class='ocrx_word' id='word_1_225' title='bbox 424 3314 535 3402; x_wconf 81' lang='grc' dir='ltr'><strong><em>άληθή</em></strong></span> <span class='ocrx_word' id='word_1_226' title='bbox 543 3315 734 3401; x_wconf 75' lang='grc' dir='ltr'><strong><em>γράμματος</em></strong></span> <span class='ocrx_word' id='word_1_227' title='bbox 753 3317 843 3382; x_wconf 81' lang='grc' dir='ltr'><strong><em>τουτὶ</em></strong></span> <span class='ocrx_word' id='word_1_228' title='bbox 856 3312 920 3400; x_wconf 86' lang='grc' dir='ltr'><strong><em>γὰρ</em></strong></span> <span class='ocrx_word' id='word_1_229' title='bbox 932 3310 1009 3381; x_wconf 82' lang='grc' dir='ltr'><strong><em>οὐδ’</em></strong></span> <span class='ocrx_word' id='word_1_230' title='bbox 1021 3308 1064 3380; x_wconf 84' lang='grc' dir='ltr'><strong><em>άν</em></strong></span> <span class='ocrx_word' id='word_1_231' title='bbox 1075 3310 1119 3393; x_wconf 88' lang='grc' dir='ltr'><strong><em>εἷς</em></strong></span> <span class='ocrx_word' id='word_1_232' title='bbox 1129 3315 1238 3401; x_wconf 88' lang='grc' dir='ltr'><strong><em>δήπου</em></strong></span> <span class='ocrx_word' id='word_1_233' title='bbox 1246 3327 1315 3382; x_wconf 74' lang='lat'>1035</span> 
     </span>
     <span class='ocr_line' id='line_1_30' title="bbox 287 3411 1236 3502; baseline 0.001 -21"><span class='ocrx_word' id='word_1_234' title='bbox 287 3414 332 3502; x_wconf 84' lang='grc' dir='ltr'><strong><em>μή</em></strong></span> <span class='ocrx_word' id='word_1_235' title='bbox 363 3421 468 3482; x_wconf 83' lang='grc' dir='ltr'><strong><em>πᾶσιν</em></strong></span> <span class='ocrx_word' id='word_1_236' title='bbox 495 3411 670 3499; x_wconf 73' lang='grc' dir='ltr'><strong><em>ὁμολογῶν</em></strong></span> <span class='ocrx_word' id='word_1_237' title='bbox 700 3428 768 3492; x_wconf 85' lang='grc' dir='ltr'><strong><em>τοῖς</em></strong></span> <span class='ocrx_word' id='word_1_238' title='bbox 795 3414 1031 3499; x_wconf 89' lang='grc' dir='ltr'><strong><em>γεγραμμένοις</em></strong></span> <span class='ocrx_word' id='word_1_239' title='bbox 1062 3411 1236 3498; x_wconf 86' lang='grc' dir='ltr'><strong><em>ποιήσειεν.</em></strong></span> 
     </span>
     <span class='ocr_line' id='line_1_31' title="bbox 249 3504 1236 3600; baseline -0.002 -20"><span class='ocrx_word' id='word_1_240' title='bbox 249 3511 373 3591; x_wconf 62' lang='grc' dir='ltr'><strong><em>μάλλά</em></strong></span> <span class='ocrx_word' id='word_1_241' title='bbox 383 3510 469 3600; x_wconf 83' lang='grc' dir='ltr'><strong><em>μήν,</em></strong></span> <span class='ocrx_word' id='word_1_242' title='bbox 483 3504 639 3597; x_wconf 75' lang='grc' dir='ltr'><strong><em>άάνδρες</em></strong></span> <span class='ocrx_word' id='word_1_243' title='bbox 651 3514 818 3596; x_wconf 84' lang='grc' dir='ltr'><strong><em>δικασταὶ,</em></strong></span> <span class='ocrx_word' id='word_1_244' title='bbox 834 3511 935 3579; x_wconf 80' lang='grc' dir='ltr'><strong><em>τοῦτό</em></strong></span> <span class='ocrx_word' id='word_1_245' title='bbox 945 3538 983 3596; x_wconf 88' lang='grc' dir='ltr'><strong><em>γε</em></strong></span> <span class='ocrx_word' id='word_1_246' title='bbox 995 3510 1106 3579; x_wconf 85' lang='grc' dir='ltr'><strong><em>δεινὸν</em></strong></span> <span class='ocrx_word' id='word_1_247' title='bbox 1118 3513 1236 3597; x_wconf 85' lang='grc' dir='ltr'><strong><em>δήπου,</em></strong></span> 
     </span>
     <span class='ocr_line' id='line_1_32' title="bbox 288 3609 1341 3704; baseline -0.005 -23"><span class='ocrx_word' id='word_1_248' title='bbox 288 3619 319 3682; x_wconf 80' lang='grc' dir='ltr'><strong><em>εἰ</em></strong></span> <span class='ocrx_word' id='word_1_249' title='bbox 331 3611 416 3698; x_wconf 73' lang='grc' dir='ltr'><strong><em>πρὸς</em></strong></span> <span class='ocrx_word' id='word_1_250' title='bbox 433 3610 474 3679; x_wconf 88' lang='grc' dir='ltr'><strong><em>τά</em></strong></span> <span class='ocrx_word' id='word_1_251' title='bbox 490 3614 766 3698; x_wconf 83' lang='grc' dir='ltr'><strong><em>συγκεχωρημένα</em></strong></span> <span class='ocrx_word' id='word_1_252' title='bbox 785 3609 840 3677; x_wconf 83' lang='grc' dir='ltr'><strong><em>ὑπ’</em></strong></span> <span class='ocrx_word' id='word_1_253' title='bbox 852 3609 964 3678; x_wconf 73' lang='grc' dir='ltr'><strong><em>αὐτῶν</em></strong></span> <span class='ocrx_word' id='word_1_254' title='bbox 973 3612 1101 3681; x_wconf 83' lang='grc' dir='ltr'><strong><em>τούτων</em></strong></span> <span class='ocrx_word' id='word_1_255' title='bbox 1115 3615 1238 3704; x_wconf 81' lang='grc' dir='ltr'><strong><em>ἐξέσται1</em></strong></span> <span class='ocrx_word' id='word_1_256' title='bbox 1338 3646 1341 3651; x_wconf 93' lang='grc'><em>·</em></span> 
     </span>
     <span class='ocr_line' id='line_1_33' title="bbox 266 3708 1237 3798; baseline -0.004 -18"><span class='ocrx_word' id='word_1_257' title='bbox 266 3728 271 3760; x_wconf 84' lang='lat'><strong>¹</strong></span> <span class='ocrx_word' id='word_1_258' title='bbox 289 3720 354 3780; x_wconf 82' lang='grc' dir='ltr'><strong><em>νῦν</em></strong></span> <span class='ocrx_word' id='word_1_259' title='bbox 364 3708 565 3797; x_wconf 84' lang='grc' dir='ltr'><strong><em>άντιλέγειν,</em></strong></span> <span class='ocrx_word' id='word_1_260' title='bbox 589 3712 643 3779; x_wconf 80' lang='grc' dir='ltr'><strong><em>καὶ</em></strong></span> <span class='ocrx_word' id='word_1_261' title='bbox 659 3711 763 3798; x_wconf 73' lang='grc' dir='ltr'><strong><em>μηδὲν</em></strong></span> <span class='ocrx_word' id='word_1_262' title='bbox 774 3725 910 3797; x_wconf 83' lang='grc' dir='ltr'><strong><em>σημεῖον</em></strong></span> <span class='ocrx_word' id='word_1_263' title='bbox 927 3708 1007 3798; x_wconf 77' lang='grc' dir='ltr'><strong><em>ὑμῖν</em></strong></span> <span class='ocrx_word' id='word_1_264' title='bbox 1023 3717 1131 3794; x_wconf 81' lang='grc' dir='ltr'><strong><em>ἔσται,</em></strong></span> <span class='ocrx_word' id='word_1_265' title='bbox 1153 3708 1237 3776; x_wconf 88' lang='grc' dir='ltr'><strong><em>διότι</em></strong></span> 
     </span>
    </p>
   </div>
   <div class='ocr_carea' id='block_1_4' title="bbox 0 0 1584 4409">
    <p class='ocr_par' dir='ltr' id='par_1_4' title="bbox 0 0 1584 4409">
     <span class='ocr_line' id='line_1_34' title="bbox 0 0 1584 4409; baseline 0 3"><span class='ocrx_word' id='word_1_266' title='bbox 0 0 1584 4409; x_wconf 95' lang='lat' dir='ltr'><strong><em> </em></strong></span> 
     </span>
    </p>
   </div>
  </div>
 </body>
</html>
