<?xml version="1.0" encoding="UTF-8"?>
<!DOCTYPE html PUBLIC "-//W3C//DTD XHTML 1.0 Transitional//EN"
    "http://www.w3.org/TR/xhtml1/DTD/xhtml1-transitional.dtd">
<html xmlns="http://www.w3.org/1999/xhtml" xml:lang="en" lang="en">
 <head>
  <title>
</title>
<meta http-equiv="Content-Type" content="text/html;charset=utf-8" />
  <meta name='ocr-system' content='tesseract 3.04.00' />
  <meta name='ocr-capabilities' content='ocr_page ocr_carea ocr_par ocr_line ocrx_word'/>
</head>
<body>
  <div class='ocr_page' id='page_1' title='image "./orationesexrece02demogoog_0167.png"; bbox 0 0 3159 4409; ppageno 0'>
   <div class='ocr_carea' id='block_1_1' title="bbox 477 486 1249 595">
    <p class='ocr_par' dir='ltr' id='par_1_1' title="bbox 477 486 1249 595">
     <span class='ocr_line' id='line_1_1' title="bbox 477 486 1249 595; baseline 0.01 -48"><span class='ocrx_word' id='word_1_1' title='bbox 477 580 479 587; x_wconf 68' lang='lat'><em>,</em></span> <span class='ocrx_word' id='word_1_2' title='bbox 544 488 684 577; x_wconf 58' lang='grc' dir='ltr'><strong><em>ΠΡΟΣ</em></strong></span> <span class='ocrx_word' id='word_1_3' title='bbox 716 486 1032 595; x_wconf 47' lang='grc' dir='ltr'><strong><em>ΠΟΑῬΚΑΕΑ.χ</em></strong></span> <span class='ocrx_word' id='word_1_4' title='bbox 1187 489 1249 555; x_wconf 81' lang='grc'><strong><em>163</em></strong></span> 
     </span>
    </p>
   </div>
   <div class='ocr_carea' id='block_1_2' title="bbox 248 647 1369 3866">
    <p class='ocr_par' dir='ltr' id='par_1_2' title="bbox 250 647 1369 1726">
     <span class='ocr_line' id='line_1_2' title="bbox 295 647 1341 735; baseline 0.001 -16"><span class='ocrx_word' id='word_1_5' title='bbox 295 648 356 730; x_wconf 86' lang='grc' dir='ltr'><strong><em>οῦς</em></strong></span> <span class='ocrx_word' id='word_1_6' title='bbox 378 647 479 730; x_wconf 85' lang='grc' dir='ltr'><strong><em>αῦτός</em></strong></span> <span class='ocrx_word' id='word_1_7' title='bbox 499 655 536 719; x_wconf 89' lang='grc' dir='ltr'><strong><em>ἐκ</em></strong></span> <span class='ocrx_word' id='word_1_8' title='bbox 556 658 615 735; x_wconf 82' lang='grc' dir='ltr'><strong><em>τῆς</em></strong></span> <span class='ocrx_word' id='word_1_9' title='bbox 634 647 823 734; x_wconf 78' lang='grc' dir='ltr'><em>Λαμψάκου</em></span> <span class='ocrx_word' id='word_1_10' title='bbox 851 649 1078 734; x_wconf 79' lang='grc' dir='ltr'><strong><em>ἐμισθώσατο,</em></strong></span> <span class='ocrx_word' id='word_1_11' title='bbox 1106 653 1248 732; x_wconf 74' lang='grc' dir='ltr'><strong><em>καὶτοῖς</em></strong></span> <span class='ocrx_word' id='word_1_12' title='bbox 1338 650 1341 657; x_wconf 73' lang='grc'><strong>’</strong></span> 
     </span>
     <span class='ocr_line' id='line_1_3' title="bbox 294 743 1249 834; baseline 0.001 -18"><span class='ocrx_word' id='word_1_13' title='bbox 294 748 438 834; x_wconf 86' lang='grc' dir='ltr'><strong><em>ῦστερον</em></strong></span> <span class='ocrx_word' id='word_1_14' title='bbox 454 751 637 834; x_wconf 76' lang='grc' dir='ltr'><strong><em>ἐπεμβᾶσιν</em></strong></span> <span class='ocrx_word' id='word_1_15' title='bbox 657 743 732 813; x_wconf 81' lang='grc' dir='ltr'><strong><em>ἀντὶ</em></strong></span> <span class='ocrx_word' id='word_1_16' title='bbox 748 753 817 812; x_wconf 91' lang='grc' dir='ltr'><strong><em>τῶν</em></strong></span> <span class='ocrx_word' id='word_1_17' title='bbox 834 744 1085 833; x_wconf 90' lang='grc' dir='ltr'><strong><em>ἀπολιπόντων,</em></strong></span> <span class='ocrx_word' id='word_1_18' title='bbox 1107 751 1155 815; x_wconf 86' lang='grc' dir='ltr'><strong><em>ἐτι</em></strong></span> <span class='ocrx_word' id='word_1_19' title='bbox 1176 749 1211 817; x_wconf 79' lang='grc' dir='ltr'><strong><em>δέ</em></strong></span> <span class='ocrx_word' id='word_1_20' title='bbox 1229 747 1249 817; x_wconf 82' lang='grc' dir='ltr'>ὃ</span> 
     </span>
     <span class='ocr_line' id='line_1_4' title="bbox 293 844 1253 934; baseline -0.003 -18"><span class='ocrx_word' id='word_1_21' title='bbox 293 856 364 916; x_wconf 89' lang='grc' dir='ltr'><strong><em>τῶν</em></strong></span> <span class='ocrx_word' id='word_1_22' title='bbox 384 846 535 934; x_wconf 90' lang='grc' dir='ltr'><strong><em>ἀρχαίων</em></strong></span> <span class='ocrx_word' id='word_1_23' title='bbox 555 853 690 913; x_wconf 89' lang='grc' dir='ltr'><strong><em>ναυτῶν</em></strong></span> <span class='ocrx_word' id='word_1_24' title='bbox 717 844 844 932; x_wconf 76' lang='grc' dir='ltr'><strong><em>ἑκάστῳ</em></strong></span> <span class='ocrx_word' id='word_1_25' title='bbox 868 848 1063 932; x_wconf 67' lang='grc' dir='ltr'><strong><em>προσέθηκα</em></strong></span> <span class='ocrx_word' id='word_1_26' title='bbox 1084 848 1253 933; x_wconf 72' lang='grc' dir='ltr'><strong><em>δεηθέντι,</em></strong></span> 
     </span>
     <span class='ocr_line' id='line_1_5' title="bbox 294 933 1298 1032; baseline -0.002 -18"><span class='ocrx_word' id='word_1_27' title='bbox 294 946 407 1031; x_wconf 83' lang='grc' dir='ltr'><strong><em>ἐπειδή</em></strong></span> <span class='ocrx_word' id='word_1_28' title='bbox 418 971 485 1031; x_wconf 93' lang='grc' dir='ltr'><strong><em>μου</em></strong></span> <span class='ocrx_word' id='word_1_29' title='bbox 496 943 513 1011; x_wconf 88' lang='grc' dir='ltr'>ὁ</span> <span class='ocrx_word' id='word_1_30' title='bbox 525 945 647 1031; x_wconf 83' lang='grc' dir='ltr'><strong><em>χρόνος</em></strong></span> <span class='ocrx_word' id='word_1_31' title='bbox 658 945 751 1030; x_wconf 78' lang='grc' dir='ltr'><strong><em>ἐξῆκε</em></strong></span> <span class='ocrx_word' id='word_1_32' title='bbox 765 951 823 1029; x_wconf 78' lang='grc' dir='ltr'><strong><em>τῆς</em></strong></span> <span class='ocrx_word' id='word_1_33' title='bbox 833 933 1060 1032; x_wconf 80' lang='grc' dir='ltr'><strong><em>τριηραρχίας,</em></strong></span> <span class='ocrx_word' id='word_1_34' title='bbox 1079 948 1135 1014; x_wconf 78' lang='grc' dir='ltr'><strong><em>καὶ</em></strong></span> <span class='ocrx_word' id='word_1_35' title='bbox 1146 945 1249 1013; x_wconf 87' lang='grc' dir='ltr'><strong><em>τάλλα</em></strong></span> <span class='ocrx_word' id='word_1_36' title='bbox 1296 1019 1298 1023; x_wconf 53' lang='grc'><strong><em>,</em></strong></span> 
     </span>
     <span class='ocr_line' id='line_1_6' title="bbox 294 1037 1250 1130; baseline 0 -19"><span class='ocrx_word' id='word_1_37' title='bbox 294 1041 359 1111; x_wconf 79' lang='grc' dir='ltr'><strong><em>ὅσα</em></strong></span> <span class='ocrx_word' id='word_1_38' title='bbox 374 1037 419 1130; x_wconf 76' lang='grc' dir='ltr'><strong><em>ἦν</em></strong></span> <span class='ocrx_word' id='word_1_39' title='bbox 428 1043 469 1111; x_wconf 81' lang='grc' dir='ltr'><strong><em>τά</em></strong></span> <span class='ocrx_word' id='word_1_40' title='bbox 480 1039 555 1110; x_wconf 78' lang='grc' dir='ltr'><strong><em>καθ’</em></strong></span> <span class='ocrx_word' id='word_1_41' title='bbox 567 1041 698 1129; x_wconf 74' lang='grc' dir='ltr'><strong><em>ἡμέραν</em></strong></span> <span class='ocrx_word' id='word_1_42' title='bbox 715 1041 858 1126; x_wconf 82' lang='grc' dir='ltr'><strong><em>ἑκάστην</em></strong></span> <span class='ocrx_word' id='word_1_43' title='bbox 875 1040 1120 1129; x_wconf 75' lang='grc' dir='ltr'><strong><em>ἀναλισκόμενα</em></strong></span> <span class='ocrx_word' id='word_1_44' title='bbox 1133 1048 1178 1122; x_wconf 86' lang='grc' dir='ltr'><strong><em>είς</em></strong></span> <span class='ocrx_word' id='word_1_45' title='bbox 1188 1041 1250 1128; x_wconf 81' lang='grc' dir='ltr'><strong><em>τὴν</em></strong></span> 
     </span>
     <span class='ocr_line' id='line_1_7' title="bbox 295 1139 1369 1230; baseline 0.002 -21"><span class='ocrx_word' id='word_1_46' title='bbox 295 1149 398 1227; x_wconf 84' lang='grc' dir='ltr'><strong><em>ναῦν,</em></strong></span> <span class='ocrx_word' id='word_1_47' title='bbox 417 1140 479 1209; x_wconf 89' lang='grc' dir='ltr'><strong><em>οῦκ</em></strong></span> <span class='ocrx_word' id='word_1_48' title='bbox 495 1140 639 1228; x_wconf 78' lang='grc' dir='ltr'><strong><em>ἀπείρως</em></strong></span> <span class='ocrx_word' id='word_1_49' title='bbox 656 1146 765 1226; x_wconf 72' lang='grc' dir='ltr'><strong><em>ἔχων.</em></strong></span> <span class='ocrx_word' id='word_1_50' title='bbox 777 1140 833 1207; x_wconf 87' lang='grc' dir='ltr'><strong><em>διά</em></strong></span> <span class='ocrx_word' id='word_1_51' title='bbox 848 1139 913 1226; x_wconf 84' lang='grc' dir='ltr'><strong><em>γάρ</em></strong></span> <span class='ocrx_word' id='word_1_52' title='bbox 925 1144 1057 1210; x_wconf 89' lang='grc' dir='ltr'><strong><em>ἐκείνου</em></strong></span> <span class='ocrx_word' id='word_1_53' title='bbox 1068 1166 1249 1230; x_wconf 89' lang='grc' dir='ltr'><strong><em>πεντηκον-</em></strong></span> <span class='ocrx_word' id='word_1_54' title='bbox 1261 1161 1327 1217; x_wconf 72' lang='lat'>1215</span> <span class='ocrx_word' id='word_1_55' title='bbox 1361 1177 1369 1200; x_wconf 58' lang='lat' dir='ltr'>x</span> 
     </span>
     <span class='ocr_line' id='line_1_8' title="bbox 250 1239 1251 1328; baseline 0.001 -18"><span class='ocrx_word' id='word_1_56' title='bbox 250 1249 496 1327; x_wconf 71' lang='grc' dir='ltr'><strong><em>νθταρχοῦντος</em></strong></span> <span class='ocrx_word' id='word_1_57' title='bbox 516 1243 572 1309; x_wconf 84' lang='grc' dir='ltr'><strong><em>καὶ</em></strong></span> <span class='ocrx_word' id='word_1_58' title='bbox 592 1239 769 1327; x_wconf 75' lang='grc' dir='ltr'><strong><em>ἠγοράζετο</em></strong></span> <span class='ocrx_word' id='word_1_59' title='bbox 790 1243 846 1309; x_wconf 82' lang='grc' dir='ltr'><strong><em>καὶ</em></strong></span> <span class='ocrx_word' id='word_1_60' title='bbox 863 1239 1065 1327; x_wconf 87' lang='grc' dir='ltr'><strong><em>ἀνηλίσκετο.</em></strong></span> <span class='ocrx_word' id='word_1_61' title='bbox 1098 1246 1156 1310; x_wconf 78' lang='grc' dir='ltr'><strong><em>καί</em></strong></span> <span class='ocrx_word' id='word_1_62' title='bbox 1176 1246 1251 1328; x_wconf 78' lang='grc' dir='ltr'><strong><em>περὶ</em></strong></span> 
     </span>
     <span class='ocr_line' id='line_1_9' title="bbox 295 1338 1251 1429; baseline 0.003 -22"><span class='ocrx_word' id='word_1_63' title='bbox 295 1347 365 1409; x_wconf 90' lang='grc' dir='ltr'><strong><em>τῶν</em></strong></span> <span class='ocrx_word' id='word_1_64' title='bbox 375 1347 506 1429; x_wconf 86' lang='grc' dir='ltr'><strong><em>σκευῶν</em></strong></span> <span class='ocrx_word' id='word_1_65' title='bbox 522 1345 663 1426; x_wconf 81' lang='grc' dir='ltr'><strong><em>ἔφραζεν</em></strong></span> <span class='ocrx_word' id='word_1_66' title='bbox 680 1338 789 1428; x_wconf 79' lang='grc' dir='ltr'><strong><em>αῦτῶ,</em></strong></span> <span class='ocrx_word' id='word_1_67' title='bbox 812 1338 865 1407; x_wconf 86' lang='grc' dir='ltr'><strong><em>ὅτι</em></strong></span> <span class='ocrx_word' id='word_1_68' title='bbox 882 1345 949 1408; x_wconf 82' lang='grc' dir='ltr'><strong><em>ίδια</em></strong></span> <span class='ocrx_word' id='word_1_69' title='bbox 965 1346 1069 1428; x_wconf 75' lang='grc' dir='ltr'><strong><em>ἔχοιμι</em></strong></span> <span class='ocrx_word' id='word_1_70' title='bbox 1080 1345 1134 1410; x_wconf 80' lang='grc' dir='ltr'><strong><em>καὶ</em></strong></span> <span class='ocrx_word' id='word_1_71' title='bbox 1146 1343 1251 1429; x_wconf 91' lang='grc' dir='ltr'><strong><em>δημό-</em></strong></span> 
     </span>
     <span class='ocr_line' id='line_1_10' title="bbox 296 1433 1251 1528; baseline 0.001 -22"><span class='ocrx_word' id='word_1_72' title='bbox 296 1458 371 1513; x_wconf 89' lang='grc' dir='ltr'><strong><em>σιον</em></strong></span> <span class='ocrx_word' id='word_1_73' title='bbox 383 1436 496 1507; x_wconf 81' lang='grc' dir='ltr'><strong><em>οῦδέυ·</em></strong></span> <span class='ocrx_word' id='word_1_74' title='bbox 520 1436 564 1518; x_wconf 88' lang='grc' dir='ltr'><strong><em>ῶς</em></strong></span> <span class='ocrx_word' id='word_1_75' title='bbox 576 1433 649 1524; x_wconf 85' lang='grc' dir='ltr'><strong><em>οῦν,</em></strong></span> <span class='ocrx_word' id='word_1_76' title='bbox 661 1444 737 1524; x_wconf 83' lang='grc' dir='ltr'><strong><em>ἔφη,</em></strong></span> <span class='ocrx_word' id='word_1_77' title='bbox 748 1435 770 1525; x_wconf 76' lang='grc' dir='ltr'><em>ἢ</em></span> <span class='ocrx_word' id='word_1_78' title='bbox 780 1445 906 1506; x_wconf 85' lang='grc' dir='ltr'><strong><em>πείσων</em></strong></span> <span class='ocrx_word' id='word_1_79' title='bbox 917 1442 1045 1507; x_wconf 80' lang='grc' dir='ltr'><strong><em>ἐκεῖνον</em></strong></span> <span class='ocrx_word' id='word_1_80' title='bbox 1056 1446 1211 1527; x_wconf 80' lang='grc' dir='ltr'><strong><em>διανοοῦ,</em></strong></span> <span class='ocrx_word' id='word_1_81' title='bbox 1228 1437 1251 1528; x_wconf 77' lang='grc' dir='ltr'><em>ἢ</em></span> 
     </span>
     <span class='ocr_line' id='line_1_11' title="bbox 295 1535 1251 1626; baseline 0.003 -21"><span class='ocrx_word' id='word_1_82' title='bbox 295 1537 401 1622; x_wconf 83' lang='grc' dir='ltr'><strong><em>σκεύη</em></strong></span> <span class='ocrx_word' id='word_1_83' title='bbox 412 1543 496 1622; x_wconf 83' lang='grc' dir='ltr'><strong><em>ἔχων</em></strong></span> <span class='ocrx_word' id='word_1_84' title='bbox 507 1545 620 1624; x_wconf 81' lang='grc' dir='ltr'><strong><em>σαυτῶ</em></strong></span> <span class='ocrx_word' id='word_1_85' title='bbox 631 1535 780 1604; x_wconf 88' lang='grc' dir='ltr'><strong><em>ἀνάπλει.</em></strong></span> <span class='ocrx_word' id='word_1_86' title='bbox 799 1586 801 1590; x_wconf 80' lang='lat'><em>.</em></span> <span class='ocrx_word' id='word_1_87' title='bbox 815 1535 904 1622; x_wconf 78' lang='grc' dir='ltr'><strong><em>οἶμαι</em></strong></span> <span class='ocrx_word' id='word_1_88' title='bbox 920 1542 958 1605; x_wconf 82' lang='grc' dir='ltr'><strong><em>δέ</em></strong></span> <span class='ocrx_word' id='word_1_89' title='bbox 969 1558 1032 1624; x_wconf 94' lang='grc' dir='ltr'><strong><em>σοι,</em></strong></span> <span class='ocrx_word' id='word_1_90' title='bbox 1044 1544 1124 1626; x_wconf 81' lang='grc' dir='ltr'><strong><em>ἔφη,</em></strong></span> <span class='ocrx_word' id='word_1_91' title='bbox 1146 1538 1251 1608; x_wconf 87' lang='grc' dir='ltr'><strong><em>αῦτόν</em></strong></span> 
     </span>
     <span class='ocr_line' id='line_1_12' title="bbox 295 1631 1277 1726; baseline 0.004 -23"><span class='ocrx_word' id='word_1_92' title='bbox 295 1633 398 1703; x_wconf 79' lang='grc' dir='ltr'><strong><em>οῦδὲν</em></strong></span> <span class='ocrx_word' id='word_1_93' title='bbox 411 1640 612 1702; x_wconf 73' lang='grc' dir='ltr'><strong><em>διοίσεσθαι·</em></strong></span> <span class='ocrx_word' id='word_1_94' title='bbox 645 1631 772 1721; x_wconf 82' lang='grc' dir='ltr'><strong><em>ὀφείλεῑ</em></strong></span> <span class='ocrx_word' id='word_1_95' title='bbox 786 1633 851 1720; x_wconf 85' lang='grc' dir='ltr'><strong><em>γάρ</em></strong></span> <span class='ocrx_word' id='word_1_96' title='bbox 869 1633 1122 1726; x_wconf 84' lang='grc' dir='ltr'><strong><em>ἀργῦριονέκεῐ,</em></strong></span> <span class='ocrx_word' id='word_1_97' title='bbox 1146 1637 1251 1708; x_wconf 82' lang='grc' dir='ltr'><strong><em>ῦδια-</em></strong></span> <span class='ocrx_word' id='word_1_98' title='bbox 1275 1634 1277 1639; x_wconf 57' lang='grc'><strong>’</strong></span> 
     </span>
    </p>

    <p class='ocr_par' dir='ltr' id='par_1_3' title="bbox 264 1730 1273 2222">
     <span class='ocr_line' id='line_1_13' title="bbox 264 1730 1251 1821; baseline 0.004 -19"><span class='ocrx_word' id='word_1_99' title='bbox 264 1730 267 1736; x_wconf 64' lang='grc'><strong>’</strong></span> <span class='ocrx_word' id='word_1_100' title='bbox 295 1742 399 1802; x_wconf 90' lang='grc' dir='ltr'><strong><em>λῦσαι</em></strong></span> <span class='ocrx_word' id='word_1_101' title='bbox 410 1733 609 1821; x_wconf 83' lang='grc' dir='ltr'><strong><em>βουλήσεται</em></strong></span> <span class='ocrx_word' id='word_1_102' title='bbox 627 1735 663 1801; x_wconf 83' lang='grc' dir='ltr'><strong><em>ἐκ</em></strong></span> <span class='ocrx_word' id='word_1_103' title='bbox 680 1742 738 1820; x_wconf 76' lang='grc' dir='ltr'><strong><em>τῆς</em></strong></span> <span class='ocrx_word' id='word_1_104' title='bbox 749 1741 921 1821; x_wconf 82' lang='grc' dir='ltr'><strong><em>τιμῆςτῶν</em></strong></span> <span class='ocrx_word' id='word_1_105' title='bbox 932 1740 1070 1805; x_wconf 88' lang='grc' dir='ltr'><strong><em>σκευῶν.</em></strong></span> <span class='ocrx_word' id='word_1_106' title='bbox 1103 1736 1251 1818; x_wconf 83' lang='grc' dir='ltr'><strong><em>ἀκούσας</em></strong></span> 
     </span>
     <span class='ocr_line' id='line_1_14' title="bbox 296 1825 1273 1924; baseline 0.006 -23"><span class='ocrx_word' id='word_1_107' title='bbox 296 1831 330 1901; x_wconf 88' lang='grc' dir='ltr'><strong><em>δ’</em></strong></span> <span class='ocrx_word' id='word_1_108' title='bbox 345 1825 444 1911; x_wconf 87' lang='grc' dir='ltr'><strong><em>οῦτος</em></strong></span> <span class='ocrx_word' id='word_1_109' title='bbox 453 1840 557 1900; x_wconf 87' lang='grc' dir='ltr'><strong><em>ταῦτα</em></strong></span> <span class='ocrx_word' id='word_1_110' title='bbox 567 1839 631 1911; x_wconf 86' lang='grc' dir='ltr'><strong><em>τοῦ</em></strong></span> <span class='ocrx_word' id='word_1_111' title='bbox 641 1829 667 1899; x_wconf 91' lang='grc' dir='ltr'><strong><em>τ’</em></strong></span> <span class='ocrx_word' id='word_1_112' title='bbox 678 1830 894 1919; x_wconf 79' lang='grc' dir='ltr'><strong><em>Εὐκτήμονος</em></strong></span> <span class='ocrx_word' id='word_1_113' title='bbox 905 1838 960 1902; x_wconf 78' lang='grc' dir='ltr'><strong><em>καὶ</em></strong></span> <span class='ocrx_word' id='word_1_114' title='bbox 970 1842 1032 1924; x_wconf 87' lang='grc' dir='ltr'><strong><em>τόῦ</em></strong></span> <span class='ocrx_word' id='word_1_115' title='bbox 1040 1842 1178 1903; x_wconf 88' lang='grc' dir='ltr'><strong><em>Δεινίου</em></strong></span> <span class='ocrx_word' id='word_1_116' title='bbox 1188 1843 1251 1904; x_wconf 88' lang='grc' dir='ltr'><strong><em>τοῦ</em></strong></span> <span class='ocrx_word' id='word_1_117' title='bbox 1266 1894 1273 1908; x_wconf 83' lang='grc'><strong>.</strong></span> 
     </span>
     <span class='ocr_line' id='line_1_15' title="bbox 296 1924 1251 2022; baseline 0.004 -24"><span class='ocrx_word' id='word_1_118' title='bbox 296 1935 462 2018; x_wconf 77' lang='grc' dir='ltr'><strong><em>κηδεστοῦ</em></strong></span> <span class='ocrx_word' id='word_1_119' title='bbox 479 1939 540 1999; x_wconf 91' lang='grc' dir='ltr'><strong><em>τοῦ</em></strong></span> <span class='ocrx_word' id='word_1_120' title='bbox 557 1933 653 2018; x_wconf 88' lang='grc' dir='ltr'><strong><em>ἐμοῦ,</em></strong></span> <span class='ocrx_word' id='word_1_121' title='bbox 674 1934 750 2017; x_wconf 83' lang='grc' dir='ltr'><strong><em>περὶ</em></strong></span> <span class='ocrx_word' id='word_1_122' title='bbox 760 1932 828 2018; x_wconf 76' lang='grc' dir='ltr'><strong><em>μὲν</em></strong></span> <span class='ocrx_word' id='word_1_123' title='bbox 844 1924 894 2001; x_wconf 86' lang='grc' dir='ltr'><strong><em>ῶν</em></strong></span> <span class='ocrx_word' id='word_1_124' title='bbox 907 1939 1024 2020; x_wconf 79' lang='grc' dir='ltr'><strong><em>ἐλεγου</em></strong></span> <span class='ocrx_word' id='word_1_125' title='bbox 1040 1933 1251 2022; x_wconf 75' lang='grc' dir='ltr'><strong><em>αῦτῶόῦδὲυ</em></strong></span> 
     </span>
     <span class='ocr_line' id='line_1_16' title="bbox 297 2027 1252 2125; baseline 0.006 -29"><span class='ocrx_word' id='word_1_126' title='bbox 297 2030 409 2110; x_wconf 81' lang='grc' dir='ltr'><strong><em>αῦτοίς</em></strong></span> <span class='ocrx_word' id='word_1_127' title='bbox 421 2027 642 2125; x_wconf 80' lang='grc' dir='ltr'><strong><em>ἀποκρίνεται,</em></strong></span> <span class='ocrx_word' id='word_1_128' title='bbox 653 2031 840 2117; x_wconf 88' lang='grc' dir='ltr'><strong><em>γελάσαντα</em></strong></span> <span class='ocrx_word' id='word_1_129' title='bbox 849 2031 1018 2119; x_wconf 72' lang='grc' dir='ltr'><strong><em>δ’,ἐφασαν</em></strong></span> <span class='ocrx_word' id='word_1_130' title='bbox 1030 2032 1135 2103; x_wconf 88' lang='grc' dir='ltr'><strong><em>αῦτόν</em></strong></span> <span class='ocrx_word' id='word_1_131' title='bbox 1147 2042 1252 2104; x_wconf 82' lang='grc' dir='ltr'><strong><em>είπείν</em></strong></span> 
     </span>
     <span class='ocr_line' id='line_1_17' title="bbox 293 2125 1251 2222; baseline 0.003 -24"><span class='ocrx_word' id='word_1_132' title='bbox 293 2125 386 2214; x_wconf 65' lang='grc' dir='ltr'><strong><em>’Ῡάρτι</em></strong></span> <span class='ocrx_word' id='word_1_133' title='bbox 396 2136 461 2215; x_wconf 87' lang='grc' dir='ltr'><strong><em>μῦς</em></strong></span> <span class='ocrx_word' id='word_1_134' title='bbox 472 2136 582 2216; x_wconf 88' lang='grc' dir='ltr'><strong><em>πίττης</em></strong></span> <span class='ocrx_word' id='word_1_135' title='bbox 592 2131 724 2215; x_wconf 85' lang='grc' dir='ltr'><strong><em>γεύεται</em></strong></span> <span class='ocrx_word' id='word_1_136' title='bbox 732 2129 755 2170; x_wconf 88' lang='grc'><strong><em>·”</em></strong></span> <span class='ocrx_word' id='word_1_137' title='bbox 778 2132 933 2218; x_wconf 82' lang='grc' dir='ltr'><strong><em>ἐβοῦλετο</em></strong></span> <span class='ocrx_word' id='word_1_138' title='bbox 944 2132 1010 2219; x_wconf 85' lang='grc' dir='ltr'><strong><em>γάρ</em></strong></span> <span class='ocrx_word' id='word_1_139' title='bbox 1019 2131 1193 2222; x_wconf 65' lang='grc' dir='ltr'><strong><em>Ἀθηναῖος</em></strong></span> <span class='ocrx_word' id='word_1_140' title='bbox 1204 2133 1251 2203; x_wconf 78' lang='grc' dir='ltr'><strong><em>εἶ·</em></strong></span> 
     </span>
    </p>

    <p class='ocr_par' dir='ltr' id='par_1_4' title="bbox 251 2225 1251 2811">
     <span class='ocr_line' id='line_1_18' title="bbox 251 2225 1250 2316; baseline 0.007 -23"><span class='ocrx_word' id='word_1_141' title='bbox 251 2251 360 2306; x_wconf 73' lang='grc' dir='ltr'><strong><em>ηγναι.</em></strong></span> <span class='ocrx_word' id='word_1_142' title='bbox 394 2225 504 2312; x_wconf 79' lang='grc' dir='ltr'><strong><em>ἐπειδὴ</em></strong></span> <span class='ocrx_word' id='word_1_143' title='bbox 523 2233 638 2295; x_wconf 86' lang='grc' dir='ltr'><strong><em>τοίνυν</em></strong></span> <span class='ocrx_word' id='word_1_144' title='bbox 655 2237 717 2296; x_wconf 91' lang='grc' dir='ltr'><strong><em>τοῦ</em></strong></span> <span class='ocrx_word' id='word_1_145' title='bbox 727 2228 945 2316; x_wconf 79' lang='grc' dir='ltr'><strong><em>Εὐκτήμονος</em></strong></span> <span class='ocrx_word' id='word_1_146' title='bbox 961 2235 1016 2300; x_wconf 80' lang='grc' dir='ltr'><strong><em>καὶ</em></strong></span> <span class='ocrx_word' id='word_1_147' title='bbox 1033 2240 1093 2300; x_wconf 93' lang='grc' dir='ltr'><strong><em>τοῦ</em></strong></span> <span class='ocrx_word' id='word_1_148' title='bbox 1109 2241 1250 2302; x_wconf 86' lang='grc' dir='ltr'><strong><em>Δεινίου</em></strong></span> 
     </span>
     <span class='ocr_line' id='line_1_19' title="bbox 295 2324 1251 2416; baseline 0.003 -23"><span class='ocrx_word' id='word_1_149' title='bbox 295 2324 441 2405; x_wconf 87' lang='grc' dir='ltr'><strong><em>ἀκούσας</em></strong></span> <span class='ocrx_word' id='word_1_150' title='bbox 460 2324 560 2394; x_wconf 75' lang='grc' dir='ltr'><strong><em>οῦδὲν</em></strong></span> <span class='ocrx_word' id='word_1_151' title='bbox 572 2327 764 2412; x_wconf 79' lang='grc' dir='ltr'><strong><em>ἐφρόντιζε,</em></strong></span> <span class='ocrx_word' id='word_1_152' title='bbox 786 2329 888 2410; x_wconf 78' lang='grc' dir='ltr'><strong><em>πάλιν</em></strong></span> <span class='ocrx_word' id='word_1_153' title='bbox 907 2326 998 2416; x_wconf 77' lang='grc' dir='ltr'><strong><em>αῦτῶ</em></strong></span> <span class='ocrx_word' id='word_1_154' title='bbox 1015 2335 1251 2415; x_wconf 84' lang='grc' dir='ltr'><strong><em>προσέρχονται</em></strong></span> 
     </span>
     <span class='ocr_line' id='line_1_20' title="bbox 293 2423 1250 2512; baseline 0.002 -19"><span class='ocrx_word' id='word_1_155' title='bbox 293 2424 437 2512; x_wconf 89' lang='grc' dir='ltr'><strong><em>ῦστερον</em></strong></span> <span class='ocrx_word' id='word_1_156' title='bbox 448 2424 658 2512; x_wconf 74' lang='grc' dir='ltr'><strong><em>Πυθόδωρός</em></strong></span> <span class='ocrx_word' id='word_1_157' title='bbox 667 2450 703 2492; x_wconf 89' lang='grc' dir='ltr'><strong><em>τε</em></strong></span> <span class='ocrx_word' id='word_1_158' title='bbox 721 2423 926 2510; x_wconf 80' lang='grc' dir='ltr'><strong><em>δἈχαρνεῦς</em></strong></span> <span class='ocrx_word' id='word_1_159' title='bbox 936 2428 991 2493; x_wconf 81' lang='grc' dir='ltr'><strong><em>καὶ</em></strong></span> <span class='ocrx_word' id='word_1_160' title='bbox 1003 2425 1250 2511; x_wconf 83' lang='grc' dir='ltr'><strong><em>Ἀπολλόδωρος</em></strong></span> 
     </span>
     <span class='ocr_line' id='line_1_21' title="bbox 295 2520 1249 2610; baseline 0 -19"><span class='ocrx_word' id='word_1_161' title='bbox 295 2520 547 2608; x_wconf 86' lang='grc' dir='ltr'><strong><em>ὁΛευκονοεῦς,</em></strong></span> <span class='ocrx_word' id='word_1_162' title='bbox 562 2524 736 2610; x_wconf 77' lang='grc' dir='ltr'><strong><em>ἐπιτήδειοι</em></strong></span> <span class='ocrx_word' id='word_1_163' title='bbox 747 2521 842 2602; x_wconf 77' lang='grc' dir='ltr'><strong><em>ὄντες</em></strong></span> <span class='ocrx_word' id='word_1_164' title='bbox 851 2525 923 2610; x_wconf 83' lang='grc' dir='ltr'><strong><em>ἐμοὶ</em></strong></span> <span class='ocrx_word' id='word_1_165' title='bbox 933 2525 988 2592; x_wconf 80' lang='grc' dir='ltr'><strong><em>καλ</em></strong></span> <span class='ocrx_word' id='word_1_166' title='bbox 999 2530 1099 2608; x_wconf 82' lang='grc' dir='ltr'><strong><em>φίλοι,</em></strong></span> <span class='ocrx_word' id='word_1_167' title='bbox 1111 2527 1167 2592; x_wconf 82' lang='grc' dir='ltr'><strong><em>καλ</em></strong></span> <span class='ocrx_word' id='word_1_168' title='bbox 1178 2528 1249 2593; x_wconf 71' lang='grc' dir='ltr'><strong><em>ἐκό-</em></strong></span> 
     </span>
     <span class='ocr_line' id='line_1_22' title="bbox 294 2619 1249 2708; baseline 0.003 -19"><span class='ocrx_word' id='word_1_169' title='bbox 294 2629 396 2689; x_wconf 85' lang='grc' dir='ltr'><strong><em>λευου</em></strong></span> <span class='ocrx_word' id='word_1_170' title='bbox 407 2621 511 2689; x_wconf 85' lang='grc' dir='ltr'><strong><em>αῦτόυ</em></strong></span> <span class='ocrx_word' id='word_1_171' title='bbox 531 2624 588 2696; x_wconf 84' lang='grc' dir='ltr'><strong><em>ἐπί</em></strong></span> <span class='ocrx_word' id='word_1_172' title='bbox 600 2648 635 2689; x_wconf 88' lang='grc' dir='ltr'><strong><em>τε</em></strong></span> <span class='ocrx_word' id='word_1_173' title='bbox 651 2621 713 2708; x_wconf 74' lang='grc' dir='ltr'><strong><em>τὴν</em></strong></span> <span class='ocrx_word' id='word_1_174' title='bbox 725 2629 813 2689; x_wconf 91' lang='grc' dir='ltr'><strong><em>ναῦν</em></strong></span> <span class='ocrx_word' id='word_1_175' title='bbox 823 2620 956 2690; x_wconf 80' lang='grc' dir='ltr'><strong><em>ἀπιέναι</em></strong></span> <span class='ocrx_word' id='word_1_176' title='bbox 967 2619 1012 2702; x_wconf 85' lang='grc' dir='ltr'><strong><em>ῶς</em></strong></span> <span class='ocrx_word' id='word_1_177' title='bbox 1023 2621 1179 2708; x_wconf 84' lang='grc' dir='ltr'><strong><em>διάδοχον</em></strong></span> <span class='ocrx_word' id='word_1_178' title='bbox 1189 2624 1249 2692; x_wconf 88' lang='grc' dir='ltr'><strong><em>όν-</em></strong></span> 
     </span>
     <span class='ocr_line' id='line_1_23' title="bbox 293 2719 1250 2811; baseline 0.003 -24"><span class='ocrx_word' id='word_1_179' title='bbox 293 2746 353 2804; x_wconf 87' lang='grc' dir='ltr'><strong><em>τα,</em></strong></span> <span class='ocrx_word' id='word_1_180' title='bbox 368 2722 509 2803; x_wconf 81' lang='grc' dir='ltr'><strong><em>καὶπερὶ</em></strong></span> <span class='ocrx_word' id='word_1_181' title='bbox 527 2726 595 2788; x_wconf 91' lang='grc' dir='ltr'><strong><em>τῶν</em></strong></span> <span class='ocrx_word' id='word_1_182' title='bbox 604 2728 737 2789; x_wconf 82' lang='grc' dir='ltr'><strong><em>σκευῶν</em></strong></span> <span class='ocrx_word' id='word_1_183' title='bbox 747 2727 892 2808; x_wconf 79' lang='grc' dir='ltr'><strong><em>ἔφραζον</em></strong></span> <span class='ocrx_word' id='word_1_184' title='bbox 903 2719 994 2811; x_wconf 76' lang='grc' dir='ltr'><strong><em>αὐτῷ</em></strong></span> <span class='ocrx_word' id='word_1_185' title='bbox 1004 2720 1055 2792; x_wconf 84' lang='grc' dir='ltr'><strong><em>ότι</em></strong></span> <span class='ocrx_word' id='word_1_186' title='bbox 1065 2728 1132 2793; x_wconf 84' lang='grc' dir='ltr'><strong><em>ίόια</em></strong></span> <span class='ocrx_word' id='word_1_187' title='bbox 1145 2730 1250 2811; x_wconf 83' lang='grc' dir='ltr'><strong><em>ἔχοιμι</em></strong></span> 
     </span>
    </p>

    <p class='ocr_par' dir='ltr' id='par_1_5' title="bbox 248 2817 1267 3208">
     <span class='ocr_line' id='line_1_24' title="bbox 248 2817 1249 2908; baseline 0.004 -21"><span class='ocrx_word' id='word_1_188' title='bbox 248 2817 424 2888; x_wconf 67' lang='grc' dir='ltr'><strong><em>λὸἀπαυτα</em></strong></span> <span class='ocrx_word' id='word_1_189' title='bbox 435 2823 491 2889; x_wconf 83' lang='grc' dir='ltr'><strong><em>καὶ</em></strong></span> <span class='ocrx_word' id='word_1_190' title='bbox 502 2820 664 2908; x_wconf 89' lang='grc' dir='ltr'><strong><em>δημόσιον</em></strong></span> <span class='ocrx_word' id='word_1_191' title='bbox 681 2819 797 2889; x_wconf 84' lang='grc' dir='ltr'><strong><em>οῦδέν·</em></strong></span> <span class='ocrx_word' id='word_1_192' title='bbox 814 2818 869 2890; x_wconf 76' lang='lat' dir='ltr'><strong><em>“el</em></strong></span> <span class='ocrx_word' id='word_1_193' title='bbox 877 2824 939 2908; x_wconf 71' lang='grc' dir='ltr'><strong><em>μὲν</em></strong></span> <span class='ocrx_word' id='word_1_194' title='bbox 951 2817 1014 2890; x_wconf 90' lang='grc' dir='ltr'><strong><em>οῦν</em></strong></span> <span class='ocrx_word' id='word_1_195' title='bbox 1023 2826 1161 2903; x_wconf 85' lang='grc' dir='ltr'><strong><em>ἐκείνοις</em></strong></span> <span class='ocrx_word' id='word_1_196' title='bbox 1171 2826 1249 2892; x_wconf 75' lang='grc' dir='ltr'><strong><em>ἐθέ-</em></strong></span> 
     </span>
     <span class='ocr_line' id='line_1_25' title="bbox 284 2917 1248 3009; baseline 0.001 -21"><span class='ocrx_word' id='word_1_197' title='bbox 284 2917 377 2999; x_wconf 60' lang='lat' dir='ltr'><strong><em>“Aac</em></strong></span> <span class='ocrx_word' id='word_1_198' title='bbox 393 2928 557 3006; x_wconf 75' lang='grc' dir='ltr'><strong><em>χρῆσθαι,</em></strong></span> <span class='ocrx_word' id='word_1_199' title='bbox 584 2917 758 2989; x_wconf 85' lang='grc' dir='ltr'><strong><em>κατάλιπε”</em></strong></span> <span class='ocrx_word' id='word_1_200' title='bbox 780 2926 911 3006; x_wconf 81' lang='grc' dir='ltr'><strong><em>ἔφασαν</em></strong></span> <span class='ocrx_word' id='word_1_201' title='bbox 926 2919 1112 3008; x_wconf 85' lang='grc' dir='ltr'><strong><em>“ἀργῦριον</em></strong></span> <span class='ocrx_word' id='word_1_202' title='bbox 1130 2921 1248 3009; x_wconf 89' lang='grc' dir='ltr'><strong><em>αῦτοῦ,</em></strong></span> 
     </span>
     <span class='ocr_line' id='line_1_26' title="bbox 286 3014 1267 3108; baseline 0.003 -21"><span class='ocrx_word' id='word_1_203' title='bbox 286 3014 420 3104; x_wconf 79' lang='grc' dir='ltr'><strong><em>“καλ’μη</em></strong></span> <span class='ocrx_word' id='word_1_204' title='bbox 439 3018 671 3086; x_wconf 79' lang='grc' dir='ltr'><strong><em>διακινδύνευε</em></strong></span> <span class='ocrx_word' id='word_1_205' title='bbox 682 3023 785 3087; x_wconf 79' lang='grc' dir='ltr'><strong><em>ἐκεῖσε</em></strong></span> <span class='ocrx_word' id='word_1_206' title='bbox 802 3018 923 3105; x_wconf 86' lang='grc' dir='ltr'><strong><em>άγων,”</em></strong></span> <span class='ocrx_word' id='word_1_207' title='bbox 936 3024 993 3089; x_wconf 82' lang='grc' dir='ltr'><strong><em>ἰ’να</em></strong></span> <span class='ocrx_word' id='word_1_208' title='bbox 1012 3021 1185 3089; x_wconf 81' lang='grc' dir='ltr'><strong><em>λύσωνταί</em></strong></span> <span class='ocrx_word' id='word_1_209' title='bbox 1192 3048 1250 3108; x_wconf 94' lang='grc' dir='ltr'><strong><em>μοι</em></strong></span> <span class='ocrx_word' id='word_1_210' title='bbox 1265 3051 1267 3055; x_wconf 95' lang='grc'><strong><em>·</em></strong></span> 
     </span>
     <span class='ocr_line' id='line_1_27' title="bbox 289 3115 1249 3208; baseline 0.002 -22"><span class='ocrx_word' id='word_1_211' title='bbox 289 3116 328 3186; x_wconf 83' lang='grc' dir='ltr'><strong><em>τό</em></strong></span> <span class='ocrx_word' id='word_1_212' title='bbox 338 3125 483 3204; x_wconf 80' lang='grc' dir='ltr'><strong><em>χωρίον,</em></strong></span> <span class='ocrx_word' id='word_1_213' title='bbox 500 3115 680 3197; x_wconf 86' lang='grc' dir='ltr'><strong><em>ἀποδόντες</em></strong></span> <span class='ocrx_word' id='word_1_214' title='bbox 695 3115 856 3208; x_wconf 79' lang='grc' dir='ltr'><strong><em>Ἀρχένεω</em></strong></span> <span class='ocrx_word' id='word_1_215' title='bbox 865 3122 925 3195; x_wconf 87' lang='grc' dir='ltr'><strong><em>Ικαὶ</em></strong></span> <span class='ocrx_word' id='word_1_216' title='bbox 936 3119 1144 3207; x_wconf 75' lang='grc' dir='ltr'><strong><em>Θρασυλόχῳ</em></strong></span> <span class='ocrx_word' id='word_1_217' title='bbox 1156 3120 1249 3206; x_wconf 87' lang='grc' dir='ltr'><strong><em>τριά-</em></strong></span> 
     </span>
    </p>

    <p class='ocr_par' dir='ltr' id='par_1_6' title="bbox 251 3215 1249 3842">
     <span class='ocr_line' id='line_1_28' title="bbox 251 3215 1248 3307; baseline 0.003 -21"><span class='ocrx_word' id='word_1_218' title='bbox 251 3257 254 3261; x_wconf 89' lang='grc'>·</span> <span class='ocrx_word' id='word_1_219' title='bbox 289 3243 394 3286; x_wconf 92' lang='grc' dir='ltr'><strong><em>κοντα</em></strong></span> <span class='ocrx_word' id='word_1_220' title='bbox 411 3223 504 3303; x_wconf 81' lang='grc' dir='ltr'><strong><em>μνᾶς.</em></strong></span> <span class='ocrx_word' id='word_1_221' title='bbox 546 3219 620 3305; x_wconf 83' lang='grc' dir='ltr'><strong><em>περί</em></strong></span> <span class='ocrx_word' id='word_1_222' title='bbox 638 3215 670 3285; x_wconf 88' lang='grc' dir='ltr'><strong><em>δ’</em></strong></span> <span class='ocrx_word' id='word_1_223' title='bbox 689 3215 869 3307; x_wconf 80' lang='grc' dir='ltr'><strong><em>ἀποτριβῆς</em></strong></span> <span class='ocrx_word' id='word_1_224' title='bbox 877 3226 957 3288; x_wconf 78' lang='grc' dir='ltr'><strong><em>,τῶν-</em></strong></span> <span class='ocrx_word' id='word_1_225' title='bbox 971 3227 1104 3287; x_wconf 89' lang='grc' dir='ltr'><strong><em>σκευῶν</em></strong></span> <span class='ocrx_word' id='word_1_226' title='bbox 1121 3219 1248 3306; x_wconf 75' lang='grc' dir='ltr'><strong><em>ἤθελον</em></strong></span> 
     </span>
     <span class='ocr_line' id='line_1_29' title="bbox 290 3314 1249 3405; baseline 0.003 -20"><span class='ocrx_word' id='word_1_227' title='bbox 290 3314 383 3405; x_wconf 78' lang='grc' dir='ltr'><strong><em>αῦτῶ</em></strong></span> <span class='ocrx_word' id='word_1_228' title='bbox 401 3315 576 3404; x_wconf 90' lang='grc' dir='ltr'><strong><em>γράμματα</em></strong></span> <span class='ocrx_word' id='word_1_229' title='bbox 593 3316 764 3405; x_wconf 80' lang='grc' dir='ltr'><strong><em>γράφειν,Ι</em></strong></span> <span class='ocrx_word' id='word_1_230' title='bbox 776 3321 832 3387; x_wconf 81' lang='grc' dir='ltr'><strong><em>καὶ</em></strong></span> <span class='ocrx_word' id='word_1_231' title='bbox 851 3321 1006 3404; x_wconf 78' lang='grc' dir='ltr'><strong><em>ἐγγυηταὶ</em></strong></span> <span class='ocrx_word' id='word_1_232' title='bbox 1022 3315 1116 3386; x_wconf 78' lang='grc' dir='ltr'><strong><em>αῦτολ</em></strong></span> <span class='ocrx_word' id='word_1_233' title='bbox 1132 3327 1249 3404; x_wconf 86' lang='grc' dir='ltr'><strong><em>γίγνε-Ι</em></strong></span> 
     </span>
     <span class='ocr_line' id='line_1_30' title="bbox 290 3409 1246 3505; baseline 0.001 -21"><span class='ocrx_word' id='word_1_234' title='bbox 290 3425 374 3484; x_wconf 77' lang='grc' dir='ltr'><strong><em>σθαι</em></strong></span> <span class='ocrx_word' id='word_1_235' title='bbox 384 3415 469 3502; x_wconf 83' lang='grc' dir='ltr'><strong><em>ῦπέρ</em></strong></span> <span class='ocrx_word' id='word_1_236' title='bbox 481 3418 579 3502; x_wconf 89' lang='grc' dir='ltr'><strong><em>ἐμοῦ,</em></strong></span> <span class='ocrx_word' id='word_1_237' title='bbox 600 3409 623 3503; x_wconf 78' lang='grc' dir='ltr'><em>ἦ</em></span> <span class='ocrx_word' id='word_1_238' title='bbox 642 3415 710 3504; x_wconf 73' lang='grc' dir='ltr'><strong><em>μὴν</em></strong></span> <span class='ocrx_word' id='word_1_239' title='bbox 726 3423 863 3485; x_wconf 74' lang='grc' dir='ltr'><strong><em>ἔσεσθαι</em></strong></span> <span class='ocrx_word' id='word_1_240' title='bbox 874 3414 966 3505; x_wconf 76' lang='grc' dir='ltr'><strong><em>αὐτῷ</em></strong></span> <span class='ocrx_word' id='word_1_241' title='bbox 983 3415 1003 3482; x_wconf 84' lang='grc' dir='ltr'><strong><em>ό</em></strong></span> <span class='ocrx_word' id='word_1_242' title='bbox 1012 3442 1044 3483; x_wconf 90' lang='grc' dir='ltr'><strong><em>τι</em></strong></span> <span class='ocrx_word' id='word_1_243' title='bbox 1053 3411 1099 3484; x_wconf 84' lang='grc' dir='ltr'><strong><em>ἀν</em></strong></span> <span class='ocrx_word' id='word_1_244' title='bbox 1112 3419 1166 3484; x_wconf 80' lang='grc' dir='ltr'><strong><em>καὶ</em></strong></span> <span class='ocrx_word' id='word_1_245' title='bbox 1177 3431 1246 3497; x_wconf 78' lang='grc' dir='ltr'><strong><em>τοῖς</em></strong></span> 
     </span>
     <span class='ocr_line' id='line_1_31' title="bbox 290 3506 1245 3607; baseline 0 -25"><span class='ocrx_word' id='word_1_246' title='bbox 290 3514 413 3594; x_wconf 76' lang='grc' dir='ltr'><strong><em>ἀλλοις1</em></strong></span> <span class='ocrx_word' id='word_1_247' title='bbox 429 3513 638 3600; x_wconf 89' lang='grc' dir='ltr'><strong><em>τριηράρχοις</em></strong></span> <span class='ocrx_word' id='word_1_248' title='bbox 661 3513 745 3601; x_wconf 85' lang='grc' dir='ltr'><strong><em>πρός</em></strong></span> <span class='ocrx_word' id='word_1_249' title='bbox 762 3513 841 3594; x_wconf 91' lang='grc' dir='ltr'><strong><em>τοῦς</em></strong></span> <span class='ocrx_word' id='word_1_250' title='bbox 861 3513 1035 3600; x_wconf 83' lang='grc' dir='ltr'><strong><em>διαδόχους</em></strong></span> <span class='ocrx_word' id='word_1_251' title='bbox 1046 3506 1076 3607; x_wconf 74' lang='grc' dir='ltr'><strong><em>ᾖ,</em></strong></span> <span class='ocrx_word' id='word_1_252' title='bbox 1102 3513 1156 3595; x_wconf 84' lang='grc' dir='ltr'><strong><em>-ῶς</em></strong></span> <span class='ocrx_word' id='word_1_253' title='bbox 1179 3510 1245 3583; x_wconf 88' lang='grc' dir='ltr'><strong><em>οῦν</em></strong></span> 
     </span>
     <span class='ocr_line' id='line_1_32' title="bbox 288 3611 1245 3702; baseline -0.003 -20"><span class='ocrx_word' id='word_1_254' title='bbox 288 3615 398 3684; x_wconf 87' lang='grc' dir='ltr'><strong><em>πάντα</em></strong></span> <span class='ocrx_word' id='word_1_255' title='bbox 415 3611 503 3681; x_wconf 87' lang='grc' dir='ltr'><strong><em>ταῦτ’</em></strong></span> <span class='ocrx_word' id='word_1_256' title='bbox 521 3611 631 3702; x_wconf 75' lang='grc' dir='ltr'><strong><em>ἀληθῆ</em></strong></span> <span class='ocrx_word' id='word_1_257' title='bbox 648 3621 750 3701; x_wconf 87' lang='grc' dir='ltr'><strong><em>λέγω,</em></strong></span> <span class='ocrx_word' id='word_1_258' title='bbox 775 3614 904 3682; x_wconf 86' lang='grc' dir='ltr'><strong><em>τούτων</em></strong></span> <span class='ocrx_word' id='word_1_259' title='bbox 920 3611 1001 3700; x_wconf 84' lang='grc' dir='ltr'><strong><em>ῦμίν</em></strong></span> <span class='ocrx_word' id='word_1_260' title='bbox 1018 3612 1245 3702; x_wconf 84' lang='grc' dir='ltr'><strong><em>ἀναγνῶσεται</em></strong></span> 
     </span>
     <span class='ocr_line' id='line_1_33' title="bbox 291 3713 1173 3842; baseline 0.005 -59"><span class='ocrx_word' id='word_1_261' title='bbox 291 3713 552 3809; x_wconf 84' lang='grc' dir='ltr'><strong><em>τάςμαρτυρίας.</em></strong></span> <span class='ocrx_word' id='word_1_262' title='bbox 611 3792 615 3797; x_wconf 39' lang='grc'><strong><em>,</em></strong></span> <span class='ocrx_word' id='word_1_263' title='bbox 1036 3768 1040 3779; x_wconf 80' lang='lat'><em>-</em></span> <span class='ocrx_word' id='word_1_264' title='bbox 1079 3804 1096 3842; x_wconf 51' lang='lat'>*</span> <span class='ocrx_word' id='word_1_265' title='bbox 1163 3780 1173 3808; x_wconf 70' lang='grc'><strong><em>,</em></strong></span> 
     </span>
    </p>

    <p class='ocr_par' dir='ltr' id='par_1_7' title="bbox 921 3813 1073 3866">
     <span class='ocr_line' id='line_1_34' title="bbox 921 3813 1073 3866; baseline 0.007 -1"><span class='ocrx_word' id='word_1_266' title='bbox 921 3816 932 3831; x_wconf 80' lang='lat'><em>&#39;</em></span> <span class='ocrx_word' id='word_1_267' title='bbox 1040 3813 1073 3866; x_wconf 92' lang='lat' dir='ltr'><strong><em>ll</em></strong></span> 
     </span>
    </p>
   </div>
   <div class='ocr_carea' id='block_1_3' title="bbox 0 0 1584 4409">
    <p class='ocr_par' dir='ltr' id='par_1_8' title="bbox 0 0 1584 4409">
     <span class='ocr_line' id='line_1_35' title="bbox 0 0 1584 4409; baseline 0 2"><span class='ocrx_word' id='word_1_268' title='bbox 0 0 1584 4409; x_wconf 95' lang='lat' dir='ltr'><strong><em> </em></strong></span> 
     </span>
    </p>
   </div>
  </div>
 </body>
</html>
