3159 4409
313 499 376 566 124
500 503 615 561 xmu.
635 484 1067 561 ’Διιιιοῑοπαουε
1113 514 1119 525 ·

287 661 350 733 8τό
362 662 399 730 δὲ
409 665 502 741 τέλος
512 659 532 730 δ
543 662 681 784 ἐμίνετρ,
692 655 787 727 τοῦθ’
795 656 881 744 ὑμᾶς
889 655 1075 783 ἀναγκαίως
1085 664 1150 746 ἔχει
1161 655 1268 727 ἀκού-

314 782 378 828 σαι
407 757 507 838 αύτός
524 757 588 845 γὰρ
605 756 670 843 ἐγώ
689 760 824 825 ἐδίκασα
841 756 948 848 τούτῳ
965 752 1128 838 καίοντος
1142 754 1262 844 ἐμοὶ
1225 783 1266 825 τα

312 858 414 948 ἡμίση
443 861 600 942 εκατερου
609 883 707 942 ημων
717 849 872 943 λαβεῖν
844 882 893 923 ων
902 860 1055 925 κατελιπε
1064 857 1199 942 Κόνων,
1211 857 1268 924 καί

313 954 901 1046 μηδεμίανἀηδίανεῖυαιπεραιτέρω.
929 957 985 1024 καλ
1001 947 1268 1042 προειλόμην,ό

313 1057 433 1139 ἄνδρες
442 1056 639 1140 δικασταί,
622 1053 709 1123 εκάν
719 1059 920 1141 μεταδοῦναι
929 1056 1036 1147 τούτῳ
1048 1049 1210 1177 μολλλονηἸ
1222 1060 1269 1134 είς

227 1163 230 1169 ’
313 1157 527 1244 δικαστήριον
554 1155 667 1222 εἰσιών
695 1155 907 1223 κινδυνεύειν
928 1154 1012 1239 πρὸς
1033 1152 1206 1222 οἰκείου*
1183 1180 1268 1223 ουτα

311 1264 443 1341 τούτου,
455 1255 508 1321 καί
521 1260 626 1322 εἰπεῖν
636 1279 667 1319 τι
679 1250 778 1340 ἀηδὲς
788 1251 938 1338 ἀδελφόν
946 1251 1028 1321 όυτα
1045 1262 1103 1340 τῆς
1113 1257 1192 1340 ἐμής
1204 1279 1268 1339 γυ-

311 1352 426 1432 ναικός
444 1356 498 1420 καί
515 1356 611 1420 θείου
626 1359 696 1420 τῶν
712 1355 803 1438 ἐμῶν
818 1355 964 1436 παίδων,
990 1353 1045 1419 καὶ
1060 1349 1126 1419 ὑπὸ
1144 1351 1268 1420 τούτου

287 1451 455 1532 ράκούσαί
470 1478 502 1519 τι
517 1449 755 1536 ἀνεπιτήδειον.
783 1459 888 1518 ταῦτα
907 1447 1000 1520 πάντ’
1014 1451 1269 1538 ἐνθυμούμενος

313 1551 514 1641 συνεχύρηύ
527 1550 625 1640 αύτῷ.
670 1553 727 1619 καὶ
744 1549 825 1636 μετά
841 1559 946 1618 ταῦτα
971 1551 1148 1636 συνθήκας
1165 1550 1268 1640 ἐγρό-

313 1664 422 1736 ψαμεν
442 1648 525 1738 πρός
545 1648 632 1736 ἡμᾶς
654 1648 776 1728 αύτούς
796 1654 870 1736 περὶ
890 1647 1060 1735 ἀπόντων,
1078 1653 1132 1717 καὶ
1143 1647 1268 1734 ὅρκους

313 1749 469 1833 ἰσχυρούς
487 1745 663 1833 ὠμόσαμεν
674 1746 845 1834 ἀλλήλοις,
858 1742 958 1834 ήμην
967 1749 1008 1816 τό
1026 1774 1061 1816 τε
1073 1746 1267 1834 ὑπάρχοντα

313 1845 444 1932 φανεροὶ
467 1844 549 1915 ὄντα
577 1856 685 1926 καλῶς
706 1850 760 1915 καὶ
785 1853 920 1926 δικαίως
940 1847 1187 1934 διαιρήσεσθαι,
1211 1847 1271 1914 καί·

312 1942 390 2030 μηδ’
404 1941 520 2012 ὁτιοῦν
530 1946 784 2031 πλεονεκτήσειν
803 1945 863 2015 τόν
880 1948 996 2032 ἕτερον
1011 1955 1072 2015 τοῦ
1092 1950 1206 2032 ἕτέρού
1218 1937 1266 2015 οἷν
1299 1956 1304 1967 ’

313 2044 464 2110 κατέλιπε
475 2043 609 2127 Κόνων,
621 2047 677 2112 καὶ
688 2043 790 2113 τόίλλα
802 2044 911 2113 πάντα
921 2055 1017 2134 κοινή
1029 2047 1197 2133 ζητήσειν,
1211 2047 1267 2114 καί

312 2140 448 2224 πρόξειν
463 2139 530 2226 μετ’
544 2141 699 2229 ἀλλήλων
715 2146 956 2231 βουλευόμενοι
977 2143 998 2212 ό
1015 2171 1046 2212 τι
1065 2140 1108 2212 ἀν
1126 2142 1178 2213 ἀεὶ
1196 2149 1263 2233 δέη.
1273 2155 1315 2213 111

269 2269 304 2320 10
313 2237 523 2327 ὑπενοοῦμεν
533 2241 617 2329 γὰρ,
630 2236 658 2310 ἀ
669 2243 789 2331 ἀνδρες
800 2248 960 2331 δικασταί,
985 2243 1076 2330 ἥξειν
1091 2243 1184 2323 τινάς
1201 2241 1265 2330 ἀμ-

313 2342 577 2428 φισβητήσοντας
599 2349 667 2411 τόν
689 2352 751 2410 τοῦ
759 2344 921 2423 Κόνωνος
940 2347 994 2412 καί
1016 2346 1156 2429 ἑτέρους.
1192 2339 1267 2412 οἷον

312 2442 367 2508 καί
378 2435 396 2507 ὁ
408 2441 485 2525 ἐμός
496 2439 642 2527 ἀδελφός
651 2440 854 2530 όμοπάτριος
868 2444 938 2529 μὲν,
953 2441 1152 2528 ὁμομήτριος
1163 2439 1198 2508 δ’
1211 2437 1264 2524 ού,

311 2535 349 2616 ός
366 2536 541 2625 ἀπεδήμει,
562 2542 619 2607 ’καὶ
636 2548 667 2609 εί
683 2542 724 2628 δή
740 2569 789 2622 τις
807 2541 909 2621 ἀλλος
932 2539 1073 2631 ἐβούλετ’
1094 2539 1265 2629 ἀμφισβη-

310 2651 391 2721 τείν,
403 2635 466 2704 οὐκ
478 2642 557 2725 ἐνῆν
568 2638 648 2725 ήμίν
660 2641 818 2710 κωλύειν·
842 2647 875 2710 οί
890 2640 957 2728 γάρ
974 2643 1072 2729 νόμοι
1088 2640 1266 2711 κελεύουσι

312 2735 371 2803 τόν
387 2738 597 2823 βουλόμενον
615 2738 844 2829 ἀμφισβητεῖν.
870 2750 980 2828 ,ταῦτα
1000 2740 1039 2828 δή
1052 2741 1161 2808 πάντα
1178 2765 1266 2824 προ-

311 2836 490 2922 νοούμενοι
501 2838 692 2926 ἐγράψαμεν
702 2839 761 2920 τάς
773 2840 947 2927 συνθήκας
964 2843 1019 2908 καὶ
1035 2839 1160 2926 ὅρκους
1173 2835 1266 2925 ύμό-

310 2953 432 3019 σοιμεν,
455 2932 545 3013 ὅπως
561 2931 605 3003 ἀν
628 2938 708 3025 μήθ’
726 2939 836 3006 ἑκόντι
852 2940 935 3024 μήτε
957 2937 1074 3006 ἀκοντι
1094 2941 1264 3027 μηδετέρῳ

199 3025 206 3042 “
310 3036 441 3111 ἐξουσία
452 3031 690 3123 ἡμῶυγένηται
707 3035 788 3124 μηδ’
802 3035 918 3106 ὁτιούν
936 3041 1003 3125 ίδίηι
1020 3042 1157 3123 πρᾶξαι,
1178 3033 1265 3104 ἀλλά

310 3141 406 3220 κοινῇ
420 3135 660 3221 βουλευόμενοι
675 3132 749 3222 μεθ’
767 3133 864 3222 ἡμῶν
881 3134 994 3204 αύτῶν
1011 3135 1142 3203 ἅπαντα
1159 3133 1266 3219 πρότ-

267 3259 297 3310 ll
309 3254 426 3314 τωμεν.
450 3237 506 3302 καί
517 3234 687 3323 μάρτυρας
698 3235 927 3323 ἐποιησάμεθα
943 3238 1018 3319 περὶ
1030 3233 1160 3302 τούτων
1170 3242 1266 3319 πρῶ-

307 3351 367 3393 τον
376 3330 527 3414 μὲντοὺς
538 3334 642 3412 θεούς
658 3331 718 3413 ούς
730 3332 907 3422 ω’μόσαμεν
924 3331 1094 3420 ἀλλήλοις,
1112 3328 1266 3411 καὶτοὺς

309 3431 451 3506 οικειους
461 3456 540 3510 τους
554 3430 734 3555 ήμετίρους
751 3433 880 3520 αύτων,
903 3431 999 3501 ἔπειτ’
1009 3432 1266 3519 Ἀνδροκλείδην
1300 3470 1302 3475 ·

306 3523 478 3615 Ἀχαρνέα,
497 3529 597 3621 παρ’
586 3523 613 3597 οἷ
630 3537 840 3621 κατεθέμεθα
857 3531 916 3611 τάς
931 3532 1114 3619 συνθήκας.
1136 3531 1265 3618 βούλο-

307 3650 366 3709 μαι
378 3618 452 3713 ούν,
465 3655 490 3696 ω
480 3619 801 3716 ἀνδρεςδικασταί,
819 3631 926 3698 τόντε
937 3632 1044 3752 νόμον
1064 3628 1261 3716 ἀναγνωναι

306 3721 415 3793 καθ’“
396 3751 436 3794 ον
451 3725 509 3807 κάς
523 3728 700 3815 συνθήκας
714 3683 908 3818 δηράψαμευ
926 3728 1011 3817 πρός
1025 3726 1110 3816 ἡμᾶς
1122 3727 1259 3816 αύτούς,
