3159 4409
1123 290 1152 331 Ὲ

266 460 268 464 ’
315 469 377 534 ιοο
497 472 598 531 τινα.
631 467 1076 546 [Διιποεοιιαονιι]

315 628 396 698 ὥστ’
411 633 568 716 ἐπισχεῖν·
586 628 670 698 ὥστε
679 633 713 696 τί
721 625 764 694 άν
775 652 854 695 ποτε
865 626 1069 714 βουλόμενος
1080 624 1156 714 ἐγὼ,
1169 652 1263 714 τριη-

315 736 447 815 ραρχολν
465 731 526 813 μὲν
541 734 581 816 τῇ
598 725 708 810 πόλει,
729 722 922 810 ἐπιμελητής
940 724 975 793 δὲ
994 719 1044 792 σόν
1058 733 1115 811 τῆς
1132 744 1264 812 συμμο-

314 832 400 912 ρίας,
425 825 645 911 ψηφισμάτων
657 822 692 890 δὲ
702 822 863 890 τοιούτων
873 825 929 890 καὶ
939 823 1046 910 νόμον
1057 821 1169 904 όντος,
1189 825 1272 908 περλι

270 940 304 994 31
314 924 375 1010 τήν
385 927 555 1007 εἴσπραξιν
565 925 704 1007 ἐπέσχον
714 915 757 989 άν
768 920 1027 1010 τοότφ;ταυ’την
1036 920 1100 1007 τήν
1111 917 1264 989 διάνοιαν

312 1021 426 1108 ἕχωνό
439 1023 613 1108 Θεόφημος
622 1019 696 1088 τότε
707 1019 768 1105 μὲν
776 1017 838 1087 οὐκ
848 1017 1007 1086 ἀπεδίδου
1016 1018 1055 1086 τά
1065 1019 1180 1109 σκεύη,
1193 1015 1268 1107 ἀλλ”

313 1120 464 1190 ἐκποδῶν
474 1114 534 1208 ήν,
556 1119 697 1206 ὕστερον
708 1117 744 1186 δέ
755 1114 838 1208 ᾧέτό
849 1143 890 1203 με
900 1114 1156 1205 ἀποστερήσειν,
1179 1116 1263 1201 πρός

314 1221 349 1290 δὲ
366 1219 494 1298 τούτοις
511 1225 557 1298 είς
573 1217 676 1304 ὅρκον
692 1216 895 1303 καταφυγών
911 1220 1032 1305 ῥηιδίως
1042 1215 1261 1303 ἐπιορκήσειν,

313 1317 395 1403 ὅπερ
407 1319 461 1385 καὶ
472 1316 583 1394 ἄλλοις
593 1321 780 1401 πεποίηκεν.
809 1311 900 1401 δεινή
913 1315 976 1400 γάρ
987 1311 1007 1399 ἡ
1020 1318 1191 1393 πλεονεξία
1200 1322 1262 1382 τοῦ

312 1416 439 1499 τρόπον
457 1417 531 1503 περὶ
546 1413 586 1482 τὰ
598 1414 759 1500 διάφορα,
782 1410 827 1493 ὡς
837 1410 900 1499 ἐγώ
915 1419 1000 1502 ἔργφ
1012 1410 1092 1498 ὑμῖν
1103 1415 1260 1493 ἐπιδείξω.

312 1523 415 1581 ταῦτα
431 1514 494 1601 γάρ
510 1511 550 1582 τά
568 1512 670 1598 σκεύη
688 1508 861 1598 ὀφείλωνὸ
874 1512 1048 1597 Θεόφημος
1058 1517 1098 1598 τῇ
1109 1511 1205 1580 πόλει
1216 1516 1262 1604 εἰς

308 1609 451 1697 Ἀφαρέα
463 1610 602 1697 άνέφερε
614 1610 719 1700 λόγῳ,
737 1615 822 1697 ἔργῳ
834 1609 870 1678 δὲ
882 1607 943 1677 οὐκ
955 1606 1167 1695 ἀπεγράψατο
1178 1606 1261 1696 πρὸς

313 1706 416 1775 αὐτὸν
428 1712 650 1793 διαδικασίαν,
674 1699 712 1774 εὖ
729 1708 824 1786 είδώς
835 1706 886 1776 ότι
894 1707 1128 1794 ἐλεγχθήσεται
1136 1707 1261 1797 ψευδό-

269 1833 304 1886 32
313 1831 427 1893 μενος,
449 1802 508 1872 ἐάν
526 1807 660 1891 είσέλθη
677 1810 723 1883 εἰς
738 1806 959 1893 δικαστήριον.
992 1803 1010 1874 ὁ
1028 1803 1091 1893 γάρ
1098 1803 1261 1893 Ἀφαρεάς

313 1904 483 1990 ἐξήλεγχεν
500 1900 603 1970 αὐτόν
614 1900 711 1988 τιμήν
721 1904 940 1988 λογισάμενον
951 1901 1043 1993 αὐτῷ
1053 1911 1120 1972 τῶν
1131 1910 1261 1973 σκευῶν

313 2004 369 2070 καὶ
384 2000 528 2088 λαβόντα
545 1997 625 2083 παρ’
644 1997 766 2084 αὑτοῦ,
788 1998 843 2068 ὅτε
853 2001 1087 2087 παρελάμβανε
1097 1998 1260 2089 τήντριη-

314 2104 461 2185 ραρχίαν.
492 2106 558 2166 νῦν
568 2101 607 2166 δέ
617 2119 698 2185 φησι
708 2099 899 2186 Δημοχάρει
910 2104 1133 2184 παραδοῦναι,
1144 2102 1199 2168 καὶ
1211 2104 1261 2168 δι-

314 2196 443 2278 κάζεται
459 2211 526 2277 τοῖς
538 2202 679 2279 παιδίοις
689 2213 756 2276 τοῖς
765 2199 986 2286 Δημοχάρους
995 2196 1261 2284 τετελευτηκότος

312 2304 374 2365 τοῦ
385 2297 613 2384 Δημοχάρους.
646 2295 701 2364 ὅτε
720 2295 751 2366 δ’
765 2301 817 2383 ἔζη
836 2296 1083 2384 ὁΔημοχάρης,
1105 2294 1167 2365 οὐκ
1179 2294 1262 2366 άπε-

313 2394 462 2481 γράψατο
483 2396 565 2483 πρὸς
585 2393 687 2465 αὐτὸν
708 2393 954 2470 διαδικασίανὸ
977 2397 1168 2483 Θεόφημος,
1191 2402 1223 2466 εί
1241 2436 1262 2466 -,

312 2492 534 2579 πραττόμενος
553 2491 613 2561 ὑπ’
634 2496 717 2581 ἐμοῦ
736 2494 777 2562 τά
798 2494 917 2581 σκεύη,
938 2491 1010 2562 ἀλλ’
1035 2493 1188 2582 έβοόλετο
1207 2494 1260 2563 ἐπὶ

312 2591 478 2677 προφάσει
493 2592 616 2677 χρόνον
626 2594 844 2678 ἐγγενομένου
856 2590 1077 2678 ἀποστερήσω
1087 2589 1149 2677 τήν
1159 2591 1260 2660 πόλιν

312 2688 351 2758 τά
369 2691 479 2776 σκεύη.
513 2687 557 2768 ὡς
575 2687 607 2756 δ’
624 2687 733 2777 άληθη
745 2693 845 2775 λέγω,
868 2686 1258 2777 άναγνοόσεταιτάςμαρ-
1278 2768 1292 2789 Ι,

311 2813 352 2855 τυ
374 2795 433 2855 ιά.

332 2814 373 2877 ’ρ
409 2815 425 2866 ς
655 2876 912 2938 ΜΑΡΤΤΡΙΑΙ.
1265 2877 1307 2933 114

266 3007 301 3062 33
390 2989 500 3050 Ταῦτα
508 2989 623 3051 τοίνυν
631 2981 694 3069 ἐγώ
704 2982 811 3051 πάντα
820 2985 1080 3070 ἐνθυμούμενος,
1090 2980 1257 3052 καὶάκοά-

314 3078 436 3172 ωνγτόν
447 3081 625 3168 Θεόφημον
640 3090 708 3149 τῶν
729 3082 998 3169 πεπλησιακότων
1020 3079 1088 3162 οἷος
1107 3092 1157 3170 ελη
1182 3087 1258 3168 περὶ

311 3175 351 3244 τά
363 3180 523 3267 διάφορα,
539 3182 593 3248 καλ
604 3177 666 3248 οὐκ
678 3179 924 3269 ἀπολαμβάνων
934 3179 973 3248 τά
985 3181 1087 3267 σκεύη
1099 3178 1177 3268 παρ’
1193 3179 1257 3249 αὐ-

311 3284 388 3361 τοῦ,
411 3270 571 3366 προσῄειν
587 3279 670 3365 πρός
687 3305 722 3347 τε
733 3277 812 3359 τους
822 3278 1021 3361 άποστολέας
1031 3281 1086 3348 καὶ
1096 3276 1159 3366 τήν
1171 3266 1257 3367 βου-

310 3471 412 3558 σκεύη
423 3470 441 3542 ὁ
454 3473 642 3562 Θεόφημος,
653 3471 799 3565 άάφλεν
808 3480 846 3546 έν
856 3484 901 3563 τῷ
913 3481 1117 3569 δικαστηρίῳ.
1149 3496 1256 3567 προσ-Ι

307 3573 393 3655 ῇσαν
417 3571 454 3639 δὲ
476 3576 530 3641 καὶ
552 3574 694 3663 οίρῖἱλλοι
710 3575 900 3663 τριήραρχοι
916 3585 957 3665 τῇ
975 3584 1097 3668 βουλή,
1119 3576 1194 3647 ὅσοι
1208 3574 1254 3665 μή

308 3669 563 3756 παρελάμβανον
583 3671 671 3758 παρά
694 3683 761 3756 τῶν
776 3672 979 3758 ὀφειλόντων
995 3675 1034 3744 τά
1053 3676 1164 3764 σκεύη.
1197 3675 1254 3746 καὶ
