<?xml version="1.0" encoding="UTF-8"?>
<!DOCTYPE html PUBLIC "-//W3C//DTD XHTML 1.0 Transitional//EN"
    "http://www.w3.org/TR/xhtml1/DTD/xhtml1-transitional.dtd">
<html xmlns="http://www.w3.org/1999/xhtml" xml:lang="en" lang="en">
 <head>
  <title>
</title>
<meta http-equiv="Content-Type" content="text/html;charset=utf-8" />
  <meta name='ocr-system' content='tesseract 3.04.00' />
  <meta name='ocr-capabilities' content='ocr_page ocr_carea ocr_par ocr_line ocrx_word'/>
</head>
<body>
  <div class='ocr_page' id='page_1' title='image "./orationesexrece02demogoog_0108.png"; bbox 0 0 3159 4409; ppageno 0'>
   <div class='ocr_carea' id='block_1_1' title="bbox 308 473 1173 557">
    <p class='ocr_par' dir='ltr' id='par_1_1' title="bbox 308 473 1173 557">
     <span class='ocr_line' id='line_1_1' title="bbox 308 473 1173 557; baseline -0.007 -13"><span class='ocrx_word' id='word_1_1' title='bbox 308 478 370 544; x_wconf 78' lang='lat'><strong><em>102</em></strong></span> <span class='ocrx_word' id='word_1_2' title='bbox 486 480 591 543; x_wconf 73' lang='lat' dir='ltr'><strong><em>mu.</em></strong></span> <span class='ocrx_word' id='word_1_3' title='bbox 615 475 1053 557; x_wconf 74' lang='grc' dir='ltr'><strong><em>[ΔΗΜοΣοεΝονΣ]</em></strong></span> <span class='ocrx_word' id='word_1_4' title='bbox 1170 473 1173 478; x_wconf 79' lang='lat'>·</span> 
     </span>
    </p>
   </div>
   <div class='ocr_carea' id='block_1_2' title="bbox 264 628 1330 2707">
    <p class='ocr_par' dir='ltr' id='par_1_2' title="bbox 290 628 1261 827">
     <span class='ocr_line' id='line_1_2' title="bbox 290 628 1261 725; baseline -0.004 -15"><span class='ocrx_word' id='word_1_5' title='bbox 290 645 376 720; x_wconf 80' lang='grc' dir='ltr'><strong><em>δεδς</em></strong></span> <span class='ocrx_word' id='word_1_6' title='bbox 391 639 473 724; x_wconf 75' lang='grc' dir='ltr'><strong><em>εἶδε,</em></strong></span> <span class='ocrx_word' id='word_1_7' title='bbox 494 634 532 705; x_wconf 88' lang='grc' dir='ltr'><strong><em>δι’</em></strong></span> <span class='ocrx_word' id='word_1_8' title='bbox 544 628 584 724; x_wconf 82' lang='grc' dir='ltr'><strong><em>ἧς</em></strong></span> <span class='ocrx_word' id='word_1_9' title='bbox 608 636 812 723; x_wconf 77' lang='grc' dir='ltr'><strong><em>ἐξηπάτησας</em></strong></span> <span class='ocrx_word' id='word_1_10' title='bbox 829 636 909 716; x_wconf 83' lang='grc' dir='ltr'><strong><em>τούς</em></strong></span> <span class='ocrx_word' id='word_1_11' title='bbox 931 636 1104 725; x_wconf 81' lang='grc' dir='ltr'><strong><em>δικαστάς,</em></strong></span> <span class='ocrx_word' id='word_1_12' title='bbox 1125 643 1261 720; x_wconf 72' lang='grc' dir='ltr'><strong><em>ψευδεῖς</em></strong></span> 
     </span>
     <span class='ocr_line' id='line_1_3' title="bbox 309 730 1163 827; baseline 0.001 -22"><span class='ocrx_word' id='word_1_13' title='bbox 309 741 479 827; x_wconf 82' lang='grc' dir='ltr'><strong><em>μάρτυρας</em></strong></span> <span class='ocrx_word' id='word_1_14' title='bbox 488 735 739 823; x_wconf 74' lang='grc' dir='ltr'><strong><em>παρασχόμενος</em></strong></span> <span class='ocrx_word' id='word_1_15' title='bbox 751 730 795 813; x_wconf 79' lang='grc' dir='ltr'><strong><em>ὡς</em></strong></span> <span class='ocrx_word' id='word_1_16' title='bbox 805 738 933 804; x_wconf 93' lang='grc' dir='ltr'><strong><em>ἐθέλων</em></strong></span> <span class='ocrx_word' id='word_1_17' title='bbox 942 743 1163 822; x_wconf 81' lang='grc' dir='ltr'><strong><em>παραδοῦναι.</em></strong></span> 
     </span>
    </p>

    <p class='ocr_par' dir='ltr' id='par_1_3' title="bbox 264 833 1260 1222">
     <span class='ocr_line' id='line_1_4' title="bbox 264 833 1259 926; baseline 0.002 -22"><span class='ocrx_word' id='word_1_18' title='bbox 264 861 301 915; x_wconf 71' lang='grc'><strong><em>,16</em></strong></span> <span class='ocrx_word' id='word_1_19' title='bbox 390 836 516 926; x_wconf 83' lang='grc' dir='ltr'><strong><em>Ἐπειδή</em></strong></span> <span class='ocrx_word' id='word_1_20' title='bbox 530 845 646 907; x_wconf 80' lang='grc' dir='ltr'><strong><em>τοίνυν</em></strong></span> <span class='ocrx_word' id='word_1_21' title='bbox 664 855 716 902; x_wconf 89' lang='grc' dir='ltr'><strong><em>σοι</em></strong></span> <span class='ocrx_word' id='word_1_22' title='bbox 737 833 811 903; x_wconf 88' lang='grc' dir='ltr'><strong><em>τότε</em></strong></span> <span class='ocrx_word' id='word_1_23' title='bbox 833 834 875 904; x_wconf 86' lang='grc' dir='ltr'><strong><em>οά</em></strong></span> <span class='ocrx_word' id='word_1_24' title='bbox 897 846 1007 924; x_wconf 85' lang='grc' dir='ltr'><strong><em>παρῆν</em></strong></span> <span class='ocrx_word' id='word_1_25' title='bbox 1029 835 1259 924; x_wconf 84' lang='grc' dir='ltr'><strong><em>ήάνθρωπος,</em></strong></span> 
     </span>
     <span class='ocr_line' id='line_1_5' title="bbox 309 934 1260 1027; baseline -0.004 -19"><span class='ocrx_word' id='word_1_26' title='bbox 309 938 392 1010; x_wconf 90' lang='grc' dir='ltr'><strong><em>ἀλλά</em></strong></span> <span class='ocrx_word' id='word_1_27' title='bbox 404 939 569 1027; x_wconf 91' lang='grc' dir='ltr'><strong><em>πρότερον</em></strong></span> <span class='ocrx_word' id='word_1_28' title='bbox 579 936 818 1023; x_wconf 78' lang='grc' dir='ltr'><strong><em>ἐσημάνθησαν</em></strong></span> <span class='ocrx_word' id='word_1_29' title='bbox 829 940 864 1003; x_wconf 82' lang='grc' dir='ltr'><strong><em>οί</em></strong></span> <span class='ocrx_word' id='word_1_30' title='bbox 877 939 994 1021; x_wconf 80' lang='grc' dir='ltr'><strong><em>ἐχῖνοι,</em></strong></span> <span class='ocrx_word' id='word_1_31' title='bbox 1014 934 1158 1022; x_wconf 82' lang='grc' dir='ltr'><strong><em>ὕστερον</em></strong></span> <span class='ocrx_word' id='word_1_32' title='bbox 1167 941 1260 1004; x_wconf 82' lang='grc' dir='ltr'><strong><em>ἐστιν</em></strong></span> 
     </span>
     <span class='ocr_line' id='line_1_6' title="bbox 305 1031 1258 1126; baseline -0.001 -20"><span class='ocrx_word' id='word_1_33' title='bbox 305 1039 396 1106; x_wconf 80' lang='grc' dir='ltr'><strong><em>ὅπου</em></strong></span> <span class='ocrx_word' id='word_1_34' title='bbox 413 1037 535 1126; x_wconf 76' lang='grc' dir='ltr'><strong><em>ήγαγες</em></strong></span> <span class='ocrx_word' id='word_1_35' title='bbox 549 1033 610 1122; x_wconf 88' lang='grc' dir='ltr'><strong><em>τήν</em></strong></span> <span class='ocrx_word' id='word_1_36' title='bbox 627 1035 813 1120; x_wconf 85' lang='grc' dir='ltr'><strong><em>ἀνθρωπον</em></strong></span> <span class='ocrx_word' id='word_1_37' title='bbox 830 1041 876 1114; x_wconf 87' lang='grc' dir='ltr'><strong><em>είς</em></strong></span> <span class='ocrx_word' id='word_1_38' title='bbox 892 1034 955 1122; x_wconf 85' lang='grc' dir='ltr'><strong><em>τήν</em></strong></span> <span class='ocrx_word' id='word_1_39' title='bbox 972 1033 1101 1123; x_wconf 78' lang='grc' dir='ltr'><strong><em>ἀγοράν</em></strong></span> <span class='ocrx_word' id='word_1_40' title='bbox 1116 1031 1139 1122; x_wconf 86' lang='grc' dir='ltr'><strong><em>ή</em></strong></span> <span class='ocrx_word' id='word_1_41' title='bbox 1157 1041 1204 1116; x_wconf 87' lang='grc' dir='ltr'><strong><em>είς</em></strong></span> <span class='ocrx_word' id='word_1_42' title='bbox 1218 1036 1258 1106; x_wconf 87' lang='grc' dir='ltr'><strong><em>τὸ</em></strong></span> 
     </span>
     <span class='ocr_line' id='line_1_7' title="bbox 304 1131 1260 1222; baseline -0.001 -17"><span class='ocrx_word' id='word_1_43' title='bbox 304 1136 536 1222; x_wconf 84' lang='grc' dir='ltr'><strong><em>δικαστήριον;</em></strong></span> <span class='ocrx_word' id='word_1_44' title='bbox 559 1139 589 1201; x_wconf 86' lang='grc' dir='ltr'><strong><em>εί</em></strong></span> <span class='ocrx_word' id='word_1_45' title='bbox 603 1132 667 1220; x_wconf 83' lang='grc' dir='ltr'><strong><em>γάρ</em></strong></span> <span class='ocrx_word' id='word_1_46' title='bbox 679 1131 725 1219; x_wconf 86' lang='grc' dir='ltr'><strong><em>μή</em></strong></span> <span class='ocrx_word' id='word_1_47' title='bbox 734 1134 809 1201; x_wconf 90' lang='grc' dir='ltr'><strong><em>τότε</em></strong></span> <span class='ocrx_word' id='word_1_48' title='bbox 820 1154 873 1201; x_wconf 89' lang='grc' dir='ltr'><strong><em>σοι</em></strong></span> <span class='ocrx_word' id='word_1_49' title='bbox 884 1138 1098 1222; x_wconf 79' lang='grc' dir='ltr'><strong><em>παρεγένετο,</em></strong></span> <span class='ocrx_word' id='word_1_50' title='bbox 1116 1133 1260 1218; x_wconf 79' lang='grc' dir='ltr'><strong><em>ὕστερον</em></strong></span> 
     </span>
    </p>

    <p class='ocr_par' dir='ltr' id='par_1_4' title="bbox 282 1231 1330 1718">
     <span class='ocr_line' id='line_1_8' title="bbox 282 1231 1261 1322; baseline -0.002 -18"><span class='ocrx_word' id='word_1_51' title='bbox 282 1249 286 1262; x_wconf 77' lang='grc'><em>’</em></span> <span class='ocrx_word' id='word_1_52' title='bbox 310 1236 419 1322; x_wconf 89' lang='grc' dir='ltr'><strong><em>δήπου</em></strong></span> <span class='ocrx_word' id='word_1_53' title='bbox 429 1239 495 1302; x_wconf 76' lang='grc' dir='ltr'><strong><em>ἔδει</em></strong></span> <span class='ocrx_word' id='word_1_54' title='bbox 510 1232 749 1319; x_wconf 76' lang='grc' dir='ltr'><strong><em>παραδιδόναι,</em></strong></span> <span class='ocrx_word' id='word_1_55' title='bbox 770 1235 827 1301; x_wconf 83' lang='grc' dir='ltr'><strong><em>καὶ</em></strong></span> <span class='ocrx_word' id='word_1_56' title='bbox 843 1235 1013 1320; x_wconf 89' lang='grc' dir='ltr'><strong><em>μάρτυρας</em></strong></span> <span class='ocrx_word' id='word_1_57' title='bbox 1031 1244 1199 1304; x_wconf 81' lang='grc' dir='ltr'><strong><em>ποιεῖσθαι</em></strong></span> <span class='ocrx_word' id='word_1_58' title='bbox 1217 1231 1261 1314; x_wconf 78' lang='grc' dir='ltr'><strong><em>ὡς</em></strong></span> 
     </span>
     <span class='ocr_line' id='line_1_9' title="bbox 311 1329 1261 1421; baseline -0.001 -18"><span class='ocrx_word' id='word_1_59' title='bbox 311 1335 436 1413; x_wconf 75' lang='grc' dir='ltr'><strong><em>ἐθέλεις</em></strong></span> <span class='ocrx_word' id='word_1_60' title='bbox 447 1335 485 1401; x_wconf 90' lang='grc' dir='ltr'><strong><em>ἐν</em></strong></span> <span class='ocrx_word' id='word_1_61' title='bbox 494 1340 537 1420; x_wconf 80' lang='grc' dir='ltr'><strong><em>τῇ</em></strong></span> <span class='ocrx_word' id='word_1_62' title='bbox 547 1330 718 1421; x_wconf 80' lang='grc' dir='ltr'><strong><em>ἀνθρόπμ</em></strong></span> <span class='ocrx_word' id='word_1_63' title='bbox 730 1329 791 1399; x_wconf 89' lang='grc' dir='ltr'><strong><em>τόν</em></strong></span> <span class='ocrx_word' id='word_1_64' title='bbox 802 1335 936 1417; x_wconf 77' lang='grc' dir='ltr'><strong><em>ἔλεγχον</em></strong></span> <span class='ocrx_word' id='word_1_65' title='bbox 946 1341 1137 1418; x_wconf 74' lang='grc' dir='ltr'><strong><em>γίγνεσθαι,</em></strong></span> <span class='ocrx_word' id='word_1_66' title='bbox 1148 1333 1261 1402; x_wconf 89' lang='grc' dir='ltr'><strong><em>καθά-</em></strong></span> 
     </span>
     <span class='ocr_line' id='line_1_10' title="bbox 310 1429 1330 1521; baseline 0 -20"><span class='ocrx_word' id='word_1_67' title='bbox 310 1459 373 1521; x_wconf 90' lang='grc' dir='ltr'><strong><em>περ</em></strong></span> <span class='ocrx_word' id='word_1_68' title='bbox 384 1431 612 1519; x_wconf 81' lang='grc' dir='ltr'><strong><em>προύκαλέσω,</em></strong></span> <span class='ocrx_word' id='word_1_69' title='bbox 620 1429 832 1516; x_wconf 79' lang='grc' dir='ltr'><strong><em>προκλήσεώς</em></strong></span> <span class='ocrx_word' id='word_1_70' title='bbox 842 1456 877 1498; x_wconf 88' lang='grc' dir='ltr'><strong><em>τε</em></strong></span> <span class='ocrx_word' id='word_1_71' title='bbox 888 1434 1130 1518; x_wconf 81' lang='grc' dir='ltr'><strong><em>ἐμβεβλημένης</em></strong></span> <span class='ocrx_word' id='word_1_72' title='bbox 1140 1435 1330 1501; x_wconf 68' lang='grc' dir='ltr'><strong><em>σοιααδΙΙλλ</em></strong></span> 
     </span>
     <span class='ocr_line' id='line_1_11' title="bbox 310 1528 1260 1620; baseline -0.003 -20"><span class='ocrx_word' id='word_1_73' title='bbox 310 1540 491 1620; x_wconf 78' lang='grc' dir='ltr'><strong><em>μαρτυρίας</em></strong></span> <span class='ocrx_word' id='word_1_74' title='bbox 519 1528 562 1611; x_wconf 76' lang='grc' dir='ltr'><strong><em>ὡς</em></strong></span> <span class='ocrx_word' id='word_1_75' title='bbox 589 1529 710 1618; x_wconf 87' lang='grc' dir='ltr'><strong><em>ήθελες</em></strong></span> <span class='ocrx_word' id='word_1_76' title='bbox 737 1529 958 1617; x_wconf 84' lang='grc' dir='ltr'><strong><em>παραδιδόναι</em></strong></span> <span class='ocrx_word' id='word_1_77' title='bbox 977 1529 1040 1617; x_wconf 81' lang='grc' dir='ltr'><strong><em>τήν</em></strong></span> <span class='ocrx_word' id='word_1_78' title='bbox 1062 1530 1260 1615; x_wconf 88' lang='grc' dir='ltr'><strong><em>ἀνθρωπον.</em></strong></span> 
     </span>
     <span class='ocr_line' id='line_1_12' title="bbox 310 1628 1261 1718; baseline -0.004 -17"><span class='ocrx_word' id='word_1_79' title='bbox 310 1635 440 1718; x_wconf 81' lang='grc' dir='ltr'><strong><em>μέλλων</em></strong></span> <span class='ocrx_word' id='word_1_80' title='bbox 453 1639 569 1699; x_wconf 78' lang='grc' dir='ltr'><strong><em>τοίνυν</em></strong></span> <span class='ocrx_word' id='word_1_81' title='bbox 580 1634 715 1700; x_wconf 79' lang='grc' dir='ltr'><strong><em>εἰσιέναι</em></strong></span> <span class='ocrx_word' id='word_1_82' title='bbox 732 1629 796 1715; x_wconf 81' lang='grc' dir='ltr'><strong><em>τήν</em></strong></span> <span class='ocrx_word' id='word_1_83' title='bbox 814 1633 911 1717; x_wconf 91' lang='grc' dir='ltr'><strong><em>δίκην</em></strong></span> <span class='ocrx_word' id='word_1_84' title='bbox 925 1635 1014 1698; x_wconf 82' lang='grc' dir='ltr'><strong><em>ἐστιν</em></strong></span> <span class='ocrx_word' id='word_1_85' title='bbox 1024 1628 1112 1698; x_wconf 84' lang='grc' dir='ltr'><strong><em>ὅπου</em></strong></span> <span class='ocrx_word' id='word_1_86' title='bbox 1122 1630 1186 1717; x_wconf 86' lang='grc' dir='ltr'><strong><em>τήν</em></strong></span> <span class='ocrx_word' id='word_1_87' title='bbox 1196 1629 1261 1698; x_wconf 89' lang='grc' dir='ltr'><strong><em>ἀν-</em></strong></span> 
     </span>
    </p>

    <p class='ocr_par' dir='ltr' id='par_1_5' title="bbox 268 1727 1263 2707">
     <span class='ocr_line' id='line_1_13' title="bbox 268 1727 1262 1816; baseline -0.003 -17"><span class='ocrx_word' id='word_1_88' title='bbox 268 1755 301 1810; x_wconf 79' lang='grc'><strong><em>17</em></strong></span> <span class='ocrx_word' id='word_1_89' title='bbox 311 1739 452 1814; x_wconf 87' lang='grc' dir='ltr'><strong><em>θρωπον</em></strong></span> <span class='ocrx_word' id='word_1_90' title='bbox 473 1729 643 1815; x_wconf 81' lang='grc' dir='ltr'><strong><em>εἰσήγαγες</em></strong></span> <span class='ocrx_word' id='word_1_91' title='bbox 663 1727 746 1814; x_wconf 81' lang='grc' dir='ltr'><strong><em>πρὸς</em></strong></span> <span class='ocrx_word' id='word_1_92' title='bbox 758 1727 796 1796; x_wconf 85' lang='grc' dir='ltr'><strong><em>τό</em></strong></span> <span class='ocrx_word' id='word_1_93' title='bbox 817 1731 1044 1816; x_wconf 89' lang='grc' dir='ltr'><strong><em>δικαστήριον;</em></strong></span> <span class='ocrx_word' id='word_1_94' title='bbox 1072 1737 1178 1797; x_wconf 88' lang='grc' dir='ltr'><strong><em>καίτοι</em></strong></span> <span class='ocrx_word' id='word_1_95' title='bbox 1194 1733 1262 1798; x_wconf 82' lang='grc' dir='ltr'><strong><em>ἐδει</em></strong></span> 
     </span>
     <span class='ocr_line' id='line_1_14' title="bbox 312 1821 1260 1916; baseline -0.002 -18"><span class='ocrx_word' id='word_1_96' title='bbox 312 1826 432 1914; x_wconf 75' lang='grc' dir='ltr'><strong><em>αὐτὸν,</em></strong></span> <span class='ocrx_word' id='word_1_97' title='bbox 450 1838 541 1916; x_wconf 89' lang='grc' dir='ltr'><strong><em>είπερ</em></strong></span> <span class='ocrx_word' id='word_1_98' title='bbox 559 1825 671 1914; x_wconf 81' lang='grc' dir='ltr'><strong><em>ἀληθῆ</em></strong></span> <span class='ocrx_word' id='word_1_99' title='bbox 684 1821 729 1913; x_wconf 88' lang='grc' dir='ltr'><strong><em>ήν</em></strong></span> <span class='ocrx_word' id='word_1_100' title='bbox 741 1826 763 1894; x_wconf 87' lang='grc' dir='ltr'><strong><em>ἀ</em></strong></span> <span class='ocrx_word' id='word_1_101' title='bbox 774 1849 878 1912; x_wconf 90' lang='grc' dir='ltr'><strong><em>φασιν</em></strong></span> <span class='ocrx_word' id='word_1_102' title='bbox 890 1826 995 1896; x_wconf 84' lang='grc' dir='ltr'><strong><em>αὐτόν</em></strong></span> <span class='ocrx_word' id='word_1_103' title='bbox 1007 1836 1260 1915; x_wconf 78' lang='grc' dir='ltr'><strong><em>προκαλεῖσθαι,</em></strong></span> 
     </span>
     <span class='ocr_line' id='line_1_15' title="bbox 311 1925 1262 2015; baseline -0.002 -19"><span class='ocrx_word' id='word_1_104' title='bbox 311 1929 548 2015; x_wconf 88' lang='grc' dir='ltr'><strong><em>κληρουμένων</em></strong></span> <span class='ocrx_word' id='word_1_105' title='bbox 554 1935 621 1994; x_wconf 79' lang='grc' dir='ltr'><strong><em>τῶν</em></strong></span> <span class='ocrx_word' id='word_1_106' title='bbox 632 1930 1040 2013; x_wconf 83' lang='grc' dir='ltr'><strong><em>δικαστηρίωνκομίσαντα</em></strong></span> <span class='ocrx_word' id='word_1_107' title='bbox 1049 1925 1111 2014; x_wconf 88' lang='grc' dir='ltr'><strong><em>τήν</em></strong></span> <span class='ocrx_word' id='word_1_108' title='bbox 1123 1925 1262 2014; x_wconf 82' lang='grc' dir='ltr'><strong><em>ἀνθρω·</em></strong></span> 
     </span>
     <span class='ocr_line' id='line_1_16' title="bbox 311 2023 1261 2114; baseline -0.001 -20"><span class='ocrx_word' id='word_1_109' title='bbox 311 2051 387 2113; x_wconf 86' lang='grc' dir='ltr'><strong><em>που,</em></strong></span> <span class='ocrx_word' id='word_1_110' title='bbox 399 2025 546 2112; x_wconf 84' lang='grc' dir='ltr'><strong><em>λαβόντα</em></strong></span> <span class='ocrx_word' id='word_1_111' title='bbox 557 2023 618 2093; x_wconf 86' lang='grc' dir='ltr'><strong><em>τόν</em></strong></span> <span class='ocrx_word' id='word_1_112' title='bbox 629 2026 769 2112; x_wconf 84' lang='grc' dir='ltr'><strong><em>κη’ρνκα,</em></strong></span> <span class='ocrx_word' id='word_1_113' title='bbox 782 2026 932 2114; x_wconf 77' lang='grc' dir='ltr'><strong><em>κελεύειν</em></strong></span> <span class='ocrx_word' id='word_1_114' title='bbox 941 2029 1012 2113; x_wconf 77' lang='grc' dir='ltr'><strong><em>ἐμὲ,</em></strong></span> <span class='ocrx_word' id='word_1_115' title='bbox 1027 2033 1058 2095; x_wconf 84' lang='grc' dir='ltr'><strong><em>εί</em></strong></span> <span class='ocrx_word' id='word_1_116' title='bbox 1065 2033 1261 2114; x_wconf 84' lang='grc' dir='ltr'><strong><em>βουλοίμην,</em></strong></span> 
     </span>
     <span class='ocr_line' id='line_1_17' title="bbox 311 2123 1263 2211; baseline 0.001 -20"><span class='ocrx_word' id='word_1_117' title='bbox 311 2130 508 2211; x_wconf 80' lang='grc' dir='ltr'><strong><em>βασανίζειν,</em></strong></span> <span class='ocrx_word' id='word_1_118' title='bbox 519 2127 575 2193; x_wconf 82' lang='grc' dir='ltr'><strong><em>καὶ</em></strong></span> <span class='ocrx_word' id='word_1_119' title='bbox 585 2123 755 2210; x_wconf 90' lang='grc' dir='ltr'><strong><em>μάρτυρας</em></strong></span> <span class='ocrx_word' id='word_1_120' title='bbox 764 2123 843 2203; x_wconf 88' lang='grc' dir='ltr'><strong><em>τοδς</em></strong></span> <span class='ocrx_word' id='word_1_121' title='bbox 852 2123 1006 2205; x_wconf 83' lang='grc' dir='ltr'><strong><em>δικαστάς</em></strong></span> <span class='ocrx_word' id='word_1_122' title='bbox 1015 2126 1176 2205; x_wconf 78' lang='grc' dir='ltr'><strong><em>εἰσιόντας</em></strong></span> <span class='ocrx_word' id='word_1_123' title='bbox 1187 2149 1263 2194; x_wconf 86' lang='grc' dir='ltr'><strong><em>ποι-</em></strong></span> 
     </span>
     <span class='ocr_line' id='line_1_18' title="bbox 311 2221 1263 2314; baseline -0.001 -22"><span class='ocrx_word' id='word_1_124' title='bbox 311 2234 421 2292; x_wconf 67' lang='grc' dir='ltr'><strong><em>εῖσθαι</em></strong></span> <span class='ocrx_word' id='word_1_125' title='bbox 433 2221 477 2304; x_wconf 74' lang='grc' dir='ltr'><strong><em>ὥς</em></strong></span> <span class='ocrx_word' id='word_1_126' title='bbox 489 2223 617 2310; x_wconf 81' lang='grc' dir='ltr'><strong><em>ἕτοιμός</em></strong></span> <span class='ocrx_word' id='word_1_127' title='bbox 627 2227 696 2291; x_wconf 88' lang='grc' dir='ltr'><strong><em>ἐστι</em></strong></span> <span class='ocrx_word' id='word_1_128' title='bbox 706 2227 926 2309; x_wconf 84' lang='grc' dir='ltr'><strong><em>παραδοῦναι.</em></strong></span> <span class='ocrx_word' id='word_1_129' title='bbox 947 2226 1025 2292; x_wconf 84' lang='grc' dir='ltr'><strong><em>νυνὶ</em></strong></span> <span class='ocrx_word' id='word_1_130' title='bbox 1042 2226 1078 2294; x_wconf 83' lang='grc' dir='ltr'><strong><em>δέ</em></strong></span> <span class='ocrx_word' id='word_1_131' title='bbox 1089 2225 1178 2314; x_wconf 73' lang='grc' dir='ltr'><strong><em>λόγῳ</em></strong></span> <span class='ocrx_word' id='word_1_132' title='bbox 1188 2228 1263 2305; x_wconf 82' lang='grc' dir='ltr'><strong><em>ἐξα-</em></strong></span> 
     </span>
     <span class='ocr_line' id='line_1_19' title="bbox 311 2321 1261 2410; baseline -0.001 -20"><span class='ocrx_word' id='word_1_133' title='bbox 311 2323 474 2410; x_wconf 78' lang='grc' dir='ltr'><strong><em>πατήσας,</em></strong></span> <span class='ocrx_word' id='word_1_134' title='bbox 496 2327 628 2403; x_wconf 76' lang='grc' dir='ltr'><strong><em>ψευδεῖς</em></strong></span> <span class='ocrx_word' id='word_1_135' title='bbox 645 2328 829 2409; x_wconf 90' lang='grc' dir='ltr'><strong><em>μαρτυρίας</em></strong></span> <span class='ocrx_word' id='word_1_136' title='bbox 839 2323 1105 2409; x_wconf 81' lang='grc' dir='ltr'><strong><em>παρασχόμενος,</em></strong></span> <span class='ocrx_word' id='word_1_137' title='bbox 1128 2321 1261 2391; x_wconf 77' lang='grc' dir='ltr'><strong><em>οὐδέπω</em></strong></span> 
     </span>
     <span class='ocr_line' id='line_1_20' title="bbox 309 2419 1262 2512; baseline -0.003 -21"><span class='ocrx_word' id='word_1_138' title='bbox 309 2425 364 2491; x_wconf 85' lang='grc' dir='ltr'><strong><em>καὶ</em></strong></span> <span class='ocrx_word' id='word_1_139' title='bbox 376 2430 440 2490; x_wconf 82' lang='grc' dir='ltr'><strong><em>νῦν</em></strong></span> <span class='ocrx_word' id='word_1_140' title='bbox 451 2431 557 2512; x_wconf 76' lang='grc' dir='ltr'><strong><em>τολμᾷ</em></strong></span> <span class='ocrx_word' id='word_1_141' title='bbox 575 2419 637 2509; x_wconf 83' lang='grc' dir='ltr'><strong><em>τήν</em></strong></span> <span class='ocrx_word' id='word_1_142' title='bbox 652 2421 838 2509; x_wconf 78' lang='grc' dir='ltr'><strong><em>ἄνθρωπον</em></strong></span> <span class='ocrx_word' id='word_1_143' title='bbox 854 2425 1079 2508; x_wconf 83' lang='grc' dir='ltr'><strong><em>παραδοῦναι,</em></strong></span> <span class='ocrx_word' id='word_1_144' title='bbox 1102 2422 1262 2501; x_wconf 77' lang='grc' dir='ltr'><strong><em>πολλάκις</em></strong></span> 
     </span>
     <span class='ocr_line' id='line_1_21' title="bbox 310 2519 1262 2613; baseline 0 -25"><span class='ocrx_word' id='word_1_145' title='bbox 310 2524 394 2606; x_wconf 80' lang='grc' dir='ltr'><strong><em>ἐμοῦ</em></strong></span> <span class='ocrx_word' id='word_1_146' title='bbox 405 2525 699 2608; x_wconf 82' lang='grc' dir='ltr'><strong><em>προκαλεσαμένου</em></strong></span> <span class='ocrx_word' id='word_1_147' title='bbox 716 2524 772 2590; x_wconf 82' lang='grc' dir='ltr'><strong><em>καὶ</em></strong></span> <span class='ocrx_word' id='word_1_148' title='bbox 783 2522 1021 2613; x_wconf 81' lang='grc' dir='ltr'><strong><em>ἐξαιτήσαντος,</em></strong></span> <span class='ocrx_word' id='word_1_149' title='bbox 1035 2519 1080 2599; x_wconf 75' lang='grc' dir='ltr'><strong><em>ὡς</em></strong></span> <span class='ocrx_word' id='word_1_150' title='bbox 1090 2524 1123 2588; x_wconf 86' lang='grc' dir='ltr'><strong><em>οί</em></strong></span> <span class='ocrx_word' id='word_1_151' title='bbox 1132 2521 1262 2607; x_wconf 89' lang='grc' dir='ltr'><strong><em>μάρτυ-</em></strong></span> 
     </span>
     <span class='ocr_line' id='line_1_22' title="bbox 311 2617 1262 2707; baseline 0.001 -21"><span class='ocrx_word' id='word_1_152' title='bbox 311 2643 366 2702; x_wconf 89' lang='grc' dir='ltr'><strong><em>ρες</em></strong></span> <span class='ocrx_word' id='word_1_153' title='bbox 376 2617 456 2706; x_wconf 78' lang='grc' dir='ltr'><strong><em>ὑμῖν</em></strong></span> <span class='ocrx_word' id='word_1_154' title='bbox 468 2625 502 2689; x_wconf 88' lang='grc' dir='ltr'><strong><em>οί</em></strong></span> <span class='ocrx_word' id='word_1_155' title='bbox 516 2621 778 2706; x_wconf 80' lang='grc' dir='ltr'><strong><em>παραγενόμενοι</em></strong></span> <span class='ocrx_word' id='word_1_156' title='bbox 801 2620 1099 2707; x_wconf 89' lang='grc' dir='ltr'><strong><em>μεμαρτυρήκασιν.</em></strong></span> <span class='ocrx_word' id='word_1_157' title='bbox 1139 2626 1198 2688; x_wconf 89' lang='grc' dir='ltr'><strong><em>καί</em></strong></span> <span class='ocrx_word' id='word_1_158' title='bbox 1205 2646 1262 2706; x_wconf 85' lang='grc' dir='ltr'><strong><em>μοι</em></strong></span> 
     </span>
    </p>
   </div>
   <div class='ocr_carea' id='block_1_3' title="bbox 269 2714 1285 3104">
    <p class='ocr_par' dir='ltr' id='par_1_6' title="bbox 269 2714 1285 3104">
     <span class='ocr_line' id='line_1_23' title="bbox 311 2714 866 2805; baseline 0.002 -21"><span class='ocrx_word' id='word_1_159' title='bbox 311 2714 486 2803; x_wconf 79' lang='grc' dir='ltr'><strong><em>ἀνάγνωθι</em></strong></span> <span class='ocrx_word' id='word_1_160' title='bbox 495 2718 595 2786; x_wconf 91' lang='grc' dir='ltr'><strong><em>πάλιν</em></strong></span> <span class='ocrx_word' id='word_1_161' title='bbox 605 2717 663 2798; x_wconf 86' lang='grc' dir='ltr'><strong><em>τάς</em></strong></span> <span class='ocrx_word' id='word_1_162' title='bbox 676 2725 866 2805; x_wconf 88' lang='grc' dir='ltr'><strong><em>μαρτυρίας.</em></strong></span> 
     </span>
     <span class='ocr_line' id='line_1_24' title="bbox 343 2824 1285 2897; baseline 0.001 -12"><span class='ocrx_word' id='word_1_163' title='bbox 343 2833 346 2838; x_wconf 84' lang='grc'><strong>’</strong></span> <span class='ocrx_word' id='word_1_164' title='bbox 645 2824 905 2887; x_wconf 81' lang='grc' dir='ltr'><em>ΜΑΡΤῘῬΙΑΙ.</em></span> <span class='ocrx_word' id='word_1_165' title='bbox 1282 2891 1285 2897; x_wconf 56' lang='grc'><strong><em>,</em></strong></span> 
     </span>
     <span class='ocr_line' id='line_1_25' title="bbox 269 2911 1263 3005; baseline 0.004 -21"><span class='ocrx_word' id='word_1_166' title='bbox 269 2947 303 3002; x_wconf 76' lang='lat'><strong><em>13</em></strong></span> <span class='ocrx_word' id='word_1_167' title='bbox 394 2915 563 3002; x_wconf 88' lang='grc' dir='ltr'><strong><em>Βοόλομαι</em></strong></span> <span class='ocrx_word' id='word_1_168' title='bbox 575 2913 606 2984; x_wconf 87' lang='grc' dir='ltr'><strong><em>δ’</em></strong></span> <span class='ocrx_word' id='word_1_169' title='bbox 620 2914 711 3004; x_wconf 78' lang='grc' dir='ltr'><strong><em>ὑμῖν,</em></strong></span> <span class='ocrx_word' id='word_1_170' title='bbox 724 2911 751 2986; x_wconf 78' lang='grc' dir='ltr'><strong><em>ά</em></strong></span> <span class='ocrx_word' id='word_1_171' title='bbox 762 2917 882 3004; x_wconf 89' lang='grc' dir='ltr'><strong><em>ἀνδρες</em></strong></span> <span class='ocrx_word' id='word_1_172' title='bbox 892 2922 1057 3005; x_wconf 79' lang='grc' dir='ltr'><strong><em>δικασταὶ,</em></strong></span> <span class='ocrx_word' id='word_1_173' title='bbox 1069 2920 1124 2987; x_wconf 82' lang='grc' dir='ltr'><strong><em>καὶ</em></strong></span> <span class='ocrx_word' id='word_1_174' title='bbox 1137 2919 1201 3004; x_wconf 85' lang='grc' dir='ltr'><strong><em>τήν</em></strong></span> <span class='ocrx_word' id='word_1_175' title='bbox 1211 2924 1263 2988; x_wconf 90' lang='grc' dir='ltr'><strong><em>δί-</em></strong></span> 
     </span>
     <span class='ocr_line' id='line_1_26' title="bbox 310 3014 1261 3104; baseline 0.005 -23"><span class='ocrx_word' id='word_1_176' title='bbox 310 3040 374 3100; x_wconf 89' lang='grc' dir='ltr'><strong><em>κηυ</em></strong></span> <span class='ocrx_word' id='word_1_177' title='bbox 385 3016 624 3103; x_wconf 83' lang='grc' dir='ltr'><strong><em>διηγήσασθαι,</em></strong></span> <span class='ocrx_word' id='word_1_178' title='bbox 648 3014 733 3089; x_wconf 80' lang='grc' dir='ltr'><strong><em>ὅθεν</em></strong></span> <span class='ocrx_word' id='word_1_179' title='bbox 742 3017 874 3103; x_wconf 83' lang='grc' dir='ltr'><strong><em>ἐγένετό</em></strong></span> <span class='ocrx_word' id='word_1_180' title='bbox 891 3043 949 3104; x_wconf 92' lang='grc' dir='ltr'><strong><em>μοι</em></strong></span> <span class='ocrx_word' id='word_1_181' title='bbox 969 3015 1052 3103; x_wconf 85' lang='grc' dir='ltr'><strong><em>πρὸς</em></strong></span> <span class='ocrx_word' id='word_1_182' title='bbox 1070 3017 1261 3104; x_wconf 80' lang='grc' dir='ltr'><strong><em>Θεόφημον,</em></strong></span> 
     </span>
    </p>
   </div>
   <div class='ocr_carea' id='block_1_4' title="bbox 207 3114 1321 3802">
    <p class='ocr_par' dir='ltr' id='par_1_7' title="bbox 309 3114 1261 3203">
     <span class='ocr_line' id='line_1_27' title="bbox 309 3114 1261 3203; baseline 0.006 -23"><span class='ocrx_word' id='word_1_183' title='bbox 309 3118 364 3180; x_wconf 81' lang='grc' dir='ltr'><strong><em>ἵνα</em></strong></span> <span class='ocrx_word' id='word_1_184' title='bbox 385 3121 491 3202; x_wconf 84' lang='grc' dir='ltr'><strong><em>είδήτε</em></strong></span> <span class='ocrx_word' id='word_1_185' title='bbox 511 3115 563 3184; x_wconf 82' lang='grc' dir='ltr'><strong><em>ὅτι</em></strong></span> <span class='ocrx_word' id='word_1_186' title='bbox 583 3114 625 3184; x_wconf 88' lang='grc' dir='ltr'><strong><em>οά</em></strong></span> <span class='ocrx_word' id='word_1_187' title='bbox 644 3117 751 3203; x_wconf 92' lang='grc' dir='ltr'><strong><em>μόνον</em></strong></span> <span class='ocrx_word' id='word_1_188' title='bbox 770 3121 853 3203; x_wconf 81' lang='grc' dir='ltr'><strong><em>ἐμοῦ</em></strong></span> <span class='ocrx_word' id='word_1_189' title='bbox 872 3116 994 3196; x_wconf 81' lang='grc' dir='ltr'><strong><em>ἀδίκως</em></strong></span> <span class='ocrx_word' id='word_1_190' title='bbox 1012 3117 1261 3203; x_wconf 78' lang='grc' dir='ltr'><strong><em>κατεδικάσατο,</em></strong></span> 
     </span>
    </p>

    <p class='ocr_par' dir='ltr' id='par_1_8' title="bbox 207 3213 1321 3702">
     <span class='ocr_line' id='line_1_28' title="bbox 207 3213 1263 3304; baseline 0 -21"><span class='ocrx_word' id='word_1_191' title='bbox 207 3218 235 3283; x_wconf 89' lang='grc'><strong><em>.“</em></strong></span> <span class='ocrx_word' id='word_1_192' title='bbox 310 3213 513 3303; x_wconf 82' lang='grc' dir='ltr'><strong><em>ἐξαπατήσας</em></strong></span> <span class='ocrx_word' id='word_1_193' title='bbox 529 3214 608 3296; x_wconf 84' lang='grc' dir='ltr'><strong><em>τοδς</em></strong></span> <span class='ocrx_word' id='word_1_194' title='bbox 625 3215 797 3304; x_wconf 80' lang='grc' dir='ltr'><strong><em>δικαστὰς,</em></strong></span> <span class='ocrx_word' id='word_1_195' title='bbox 819 3214 904 3285; x_wconf 85' lang='grc' dir='ltr'><strong><em>ἀλλά</em></strong></span> <span class='ocrx_word' id='word_1_196' title='bbox 921 3218 977 3284; x_wconf 82' lang='grc' dir='ltr'><strong><em>καὶ</em></strong></span> <span class='ocrx_word' id='word_1_197' title='bbox 993 3223 1051 3303; x_wconf 81' lang='grc' dir='ltr'><strong><em>τῆς</em></strong></span> <span class='ocrx_word' id='word_1_198' title='bbox 1060 3222 1185 3303; x_wconf 84' lang='grc' dir='ltr'><strong><em>βονλής</em></strong></span> <span class='ocrx_word' id='word_1_199' title='bbox 1195 3215 1263 3303; x_wconf 77' lang='grc' dir='ltr'><strong><em>ἅμα</em></strong></span> 
     </span>
     <span class='ocr_line' id='line_1_29' title="bbox 310 3313 1264 3406; baseline 0.006 -30"><span class='ocrx_word' id='word_1_200' title='bbox 310 3317 379 3377; x_wconf 73' lang='grc' dir='ltr'><strong><em>τοῖν</em></strong></span> <span class='ocrx_word' id='word_1_201' title='bbox 389 3322 615 3385; x_wconf 87' lang='grc' dir='ltr'><strong><em>πεντακοσίων</em></strong></span> <span class='ocrx_word' id='word_1_202' title='bbox 626 3325 667 3405; x_wconf 82' lang='grc' dir='ltr'><strong><em>τή</em></strong></span> <span class='ocrx_word' id='word_1_203' title='bbox 677 3313 763 3405; x_wconf 81' lang='grc' dir='ltr'><strong><em>αότή</em></strong></span> <span class='ocrx_word' id='word_1_204' title='bbox 777 3317 896 3406; x_wconf 75' lang='grc' dir='ltr'><strong><em>ψήφῳ,</em></strong></span> <span class='ocrx_word' id='word_1_205' title='bbox 908 3318 964 3383; x_wconf 78' lang='grc' dir='ltr'><strong><em>καί</em></strong></span> <span class='ocrx_word' id='word_1_206' title='bbox 977 3315 1087 3402; x_wconf 90' lang='grc' dir='ltr'><strong><em>ἀκυρα</em></strong></span> <span class='ocrx_word' id='word_1_207' title='bbox 1098 3316 1159 3402; x_wconf 73' lang='grc' dir='ltr'><strong><em>μέν</em></strong></span> <span class='ocrx_word' id='word_1_208' title='bbox 1170 3319 1264 3383; x_wconf 84' lang='grc' dir='ltr'><strong><em>ἐποί-</em></strong></span> 
     </span>
     <span class='ocr_line' id='line_1_30' title="bbox 309 3410 1321 3502; baseline 0.009 -27"><span class='ocrx_word' id='word_1_209' title='bbox 309 3427 369 3495; x_wconf 89' lang='grc' dir='ltr'><strong><em>ησε</em></strong></span> <span class='ocrx_word' id='word_1_210' title='bbox 396 3410 437 3477; x_wconf 84' lang='grc' dir='ltr'><strong><em>τά</em></strong></span> <span class='ocrx_word' id='word_1_211' title='bbox 455 3416 647 3502; x_wconf 87' lang='grc' dir='ltr'><strong><em>δικαστήρια</em></strong></span> <span class='ocrx_word' id='word_1_212' title='bbox 665 3415 705 3484; x_wconf 90' lang='grc' dir='ltr'><strong><em>τά</em></strong></span> <span class='ocrx_word' id='word_1_213' title='bbox 723 3414 881 3502; x_wconf 78' lang='grc' dir='ltr'><strong><em>ὑμέτερα,</em></strong></span> <span class='ocrx_word' id='word_1_214' title='bbox 911 3414 1021 3500; x_wconf 81' lang='grc' dir='ltr'><strong><em>ἀκυρα</em></strong></span> <span class='ocrx_word' id='word_1_215' title='bbox 1041 3415 1077 3483; x_wconf 79' lang='grc' dir='ltr'><strong><em>δέ</em></strong></span> <span class='ocrx_word' id='word_1_216' title='bbox 1097 3413 1137 3483; x_wconf 87' lang='grc' dir='ltr'><strong><em>τά</em></strong></span> <span class='ocrx_word' id='word_1_217' title='bbox 1157 3422 1264 3502; x_wconf 75' lang='grc' dir='ltr'><strong><em>ψηφί-</em></strong></span> <span class='ocrx_word' id='word_1_218' title='bbox 1319 3442 1321 3447; x_wconf 76' lang='grc'>’</span> 
     </span>
     <span class='ocr_line' id='line_1_31' title="bbox 310 3513 1264 3602; baseline 0.007 -29"><span class='ocrx_word' id='word_1_219' title='bbox 310 3528 417 3595; x_wconf 91' lang='grc' dir='ltr'><strong><em>σματα</em></strong></span> <span class='ocrx_word' id='word_1_220' title='bbox 429 3514 483 3578; x_wconf 77' lang='grc' dir='ltr'><strong><em>καί</em></strong></span> <span class='ocrx_word' id='word_1_221' title='bbox 493 3513 572 3593; x_wconf 83' lang='grc' dir='ltr'><strong><em>τούς</em></strong></span> <span class='ocrx_word' id='word_1_222' title='bbox 583 3514 725 3602; x_wconf 89' lang='grc' dir='ltr'><strong><em>νόμους,</em></strong></span> <span class='ocrx_word' id='word_1_223' title='bbox 745 3514 903 3594; x_wconf 89' lang='grc' dir='ltr'><strong><em>ἀπίστους</em></strong></span> <span class='ocrx_word' id='word_1_224' title='bbox 920 3516 955 3585; x_wconf 75' lang='grc' dir='ltr'><strong><em>δὲ</em></strong></span> <span class='ocrx_word' id='word_1_225' title='bbox 971 3515 1029 3594; x_wconf 88' lang='grc' dir='ltr'><strong><em>τάς</em></strong></span> <span class='ocrx_word' id='word_1_226' title='bbox 1047 3514 1149 3602; x_wconf 86' lang='grc' dir='ltr'><strong><em>ἀρχάς</em></strong></span> <span class='ocrx_word' id='word_1_227' title='bbox 1166 3518 1264 3584; x_wconf 83' lang='grc' dir='ltr'><strong><em>κατέ-</em></strong></span> 
     </span>
     <span class='ocr_line' id='line_1_32' title="bbox 310 3605 1264 3702; baseline 0.01 -29"><span class='ocrx_word' id='word_1_228' title='bbox 310 3625 430 3694; x_wconf 83' lang='grc' dir='ltr'><strong><em>στησεν</em></strong></span> <span class='ocrx_word' id='word_1_229' title='bbox 440 3605 520 3694; x_wconf 76' lang='grc' dir='ltr'><strong><em>ὑμῖν</em></strong></span> <span class='ocrx_word' id='word_1_230' title='bbox 531 3615 586 3682; x_wconf 79' lang='grc' dir='ltr'><strong><em>καὶ</em></strong></span> <span class='ocrx_word' id='word_1_231' title='bbox 595 3613 636 3680; x_wconf 86' lang='grc' dir='ltr'><strong><em>τά</em></strong></span> <span class='ocrx_word' id='word_1_232' title='bbox 647 3615 822 3701; x_wconf 73' lang='grc' dir='ltr'><strong><em>γράμματα</em></strong></span> <span class='ocrx_word' id='word_1_233' title='bbox 832 3618 873 3682; x_wconf 89' lang='grc' dir='ltr'><strong><em>τά</em></strong></span> <span class='ocrx_word' id='word_1_234' title='bbox 883 3618 921 3682; x_wconf 89' lang='grc' dir='ltr'><strong><em>ἐν</em></strong></span> <span class='ocrx_word' id='word_1_235' title='bbox 930 3629 1000 3694; x_wconf 82' lang='grc' dir='ltr'><strong><em>ταῖς</em></strong></span> <span class='ocrx_word' id='word_1_236' title='bbox 1010 3616 1158 3702; x_wconf 84' lang='grc' dir='ltr'><strong><em>στήλαις·</em></strong></span> <span class='ocrx_word' id='word_1_237' title='bbox 1176 3612 1217 3683; x_wconf 84' lang='grc' dir='ltr'><strong><em>δν</em></strong></span> <span class='ocrx_word' id='word_1_238' title='bbox 1227 3615 1264 3683; x_wconf 79' lang='grc' dir='ltr'><strong><em>δέ</em></strong></span> 
     </span>
    </p>

    <p class='ocr_par' dir='ltr' id='par_1_9' title="bbox 269 3707 1263 3802">
     <span class='ocr_line' id='line_1_33' title="bbox 269 3707 1263 3802; baseline 0.008 -27"><span class='ocrx_word' id='word_1_239' title='bbox 269 3707 446 3794; x_wconf 79' lang='grc' dir='ltr'><strong><em>19τρόπον,</em></strong></span> <span class='ocrx_word' id='word_1_240' title='bbox 459 3708 522 3795; x_wconf 66' lang='grc' dir='ltr'><strong><em>ἐμοὶ</em></strong></span> <span class='ocrx_word' id='word_1_241' title='bbox 533 3708 620 3799; x_wconf 80' lang='grc' dir='ltr'><strong><em>ὑμᾶς</em></strong></span> <span class='ocrx_word' id='word_1_242' title='bbox 631 3716 706 3801; x_wconf 76' lang='grc' dir='ltr'><strong><em>περὶ</em></strong></span> <span class='ocrx_word' id='word_1_243' title='bbox 724 3712 799 3794; x_wconf 83' lang='grc' dir='ltr'><strong><em>ἑνὸς</em></strong></span> <span class='ocrx_word' id='word_1_244' title='bbox 809 3715 950 3782; x_wconf 82' lang='grc' dir='ltr'><strong><em>ἑκάστου</em></strong></span> <span class='ocrx_word' id='word_1_245' title='bbox 961 3715 1092 3795; x_wconf 81' lang='grc' dir='ltr'><strong><em>διδάξω.</em></strong></span> <span class='ocrx_word' id='word_1_246' title='bbox 1115 3713 1263 3802; x_wconf 80' lang='grc' dir='ltr'><strong><em>ἐμολγδρ</em></strong></span> 
     </span>
    </p>
   </div>
   <div class='ocr_carea' id='block_1_5' title="bbox 0 0 1587 4409">
    <p class='ocr_par' dir='ltr' id='par_1_10' title="bbox 0 0 1587 4409">
     <span class='ocr_line' id='line_1_34' title="bbox 0 0 1587 4409; baseline 0 0"><span class='ocrx_word' id='word_1_247' title='bbox 0 0 1587 4409; x_wconf 95' lang='lat' dir='ltr'><strong><em> </em></strong></span> 
     </span>
    </p>
   </div>
  </div>
 </body>
</html>
