3159 4409
556 480 700 542 ΚΑΤΑ
728 480 971 552 ΝΕΑΙΡΑΣ.
1174 481 1248 548 279.

291 642 430 727 κόμενος
447 644 500 710 ἐπὶ
512 642 676 725 δραπέτην
693 635 798 706 αὑτοῦ
808 643 913 725 ζητῶν
930 638 1078 720 πατάξειε
1094 657 1237 728 γυναῖκα

291 742 347 808 καὶ
364 744 399 807 ἐκ
416 749 473 826 τῆς
487 746 616 825 ,πληγῆς
632 737 857 824 τελευτήσειεν
873 735 894 825 ἡ
912 736 1107 826 ἄνθρωπος,
1129 767 1236 828 παρα-

278 838 539 923 σκευασάμενος
554 834 756 923 ἀνθρώπους
773 837 916 916 δούλους
924 839 980 905 καὶ
991 838 1236 919 κατασκευάσας

293 933 337 1015 ῶς
352 943 536 1022 Κυρηναῖοι
551 945 682 1029 είησαν,
703 949 859 1022 προεῖπεν
876 933 967 1028 αύτῷ
987 937 1039 1003 ἐπὶ
1061 941 1236 1028 Παλλαδίῳ

250 1060 284 1111 10
293 1032 411 1120 φόνου.
445 1036 501 1101 καί
516 1038 606 1119 έλεγε
622 1031 683 1120 τὴν
703 1038 798 1120 δίκην
807 1036 981 1120 Στέφανος
996 1031 1110 1102 οὑτοσὶ
1122 1038 1236 1121 διομο-

293 1133 444 1219 σάμενος,
453 1129 496 1213 ὡς
506 1138 651 1202 ἔκτεινεν
660 1130 903 1219 Ἀπολλόδωρος
913 1132 974 1219 τὴν
984 1146 1125 1219 γυναῖκα
1136 1130 1234 1200 αύτο-

290 1240 411 1320 χειρίηι,
435 1234 590 1313 ἐξώλειαν
609 1229 701 1320 αύτῷ
718 1234 773 1315 καί
788 1236 877 1317 γένει
893 1235 948 1300 καὶ
965 1238 1051 1321 οίκίηι
1069 1231 1236 1317 ἐπαρασά-

291 1357 405 1417 μενος,
426 1329 448 1398 ά
465 1329 532 1399 οὔτ’
545 1334 672 1417 ἐγένετο
690 1328 759 1398 οὔτ’
780 1330 867 1398 είδεν
884 1327 953 1399 οὔτ’
971 1330 1115 1418 ἤκουσεν
1137 1328 1236 1399 οὐδε·

253 1503 258 1512 ,
290 1428 349 1508 νός
363 1427 484 1496 πῶποτ’
503 1427 703 1516 άυθρῶπων.
738 1432 937 1515 ἐξελεγχθεὶς
954 1427 1163 1515 δ’·έπιορκῶν
1180 1431 1235 1497 καί

290 1534 397 1613 ψευδῆ
411 1536 518 1597 αἰτίαν
526 1532 709 1614 ἐπιφέρων,
724 1530 779 1596 καί
789 1529 980 1614 καταφανής
990 1527 1168 1614 γενόμενος
1177 1553 1236 1614 με-

291 1620 501 1712 μισθωμένος
521 1623 586 1694 ὑπὸ
604 1633 869 1713 Κηφισοφῶντος
889 1629 944 1694 καὶ
958 1624 1234 1714 Ἀπολλοφάνους,

293 1724 366 1792 ὥστ’
380 1725 527 1804 ἐξελάσαι
540 1722 791 1812 Ἀπολλόδωρον
806 1721 829 1812 ἢ
845 1723 1003 1811 άτιμῶσαι
1016 1723 1176 1810 άργύριον
1187 1731 1234 1792 εί-

290 1821 419 1909 ληφῶς,
443 1821 554 1910 ὀλίγας
575 1825 708 1912 ψήφους
727 1823 920 1918 μεταλυβῶν
941 1829 977 1893 ἐκ
997 1829 1232 1910 πεντακοσίων,

285 1919 444 2006 ’άπῆλθεν
454 1921 663 2008 ἐπιωρκηκώς
674 1925 727 1991 καί
739 1922 836 2004 δόξας
847 1921 991 2010 πονηρός
1002 1922 1094 1991 εἶναι.

246 2043 279 2094 11
372 2028 533 2089 Σκοπεῐτε
545 2020 584 2106 δη
596 2018 700 2106 αὐτοὶ,
713 2014 871 2110 ῶάυδρες
882 2026 1047 2109 δικασταί,
1059 2025 1096 2090 έκ
1107 2029 1174 2091 τῶν
1185 2016 1233 2091 εἰ·

289 2117 399 2186 κόνων
417 2119 619 2207 λογιζόμενοι
635 2118 718 2206 πρός
733 2119 819 2208 ὑμᾶς
835 2119 973 2208 αύτούς,
995 2130 1029 2190 τί
1037 2118 1080 2189 άν
1093 2120 1233 2208 ε’χρησά-

289 2244 355 2302 μην
366 2221 494 2305 ἐμαντςό
507 2221 561 2285 καὶ
571 2226 612 2305 τῇ
622 2223 820 2303 γυναικίκαὶ
829 2230 871 2308 τῇ
881 2219 1018 2309 ἀδελφῇ,
1037 2231 1071 2289 εί
1076 2247 1107 2287 τι
1115 2219 1234 2313 Ἀπολ·

289 2315 425 2405 λοδιόρφ
444 2322 565 2404 συνέβη
588 2328 709 2384 παθεῖν
726 2310 777 2385 ῶν
786 2323 959 2403 Στέφανος
970 2317 1084 2387 οὑτοσί
1093 2319 1233 2404 ἐπεβού-

288 2424 407 2482 λευσεν
417 2412 523 2503 αύτῷ,
540 2411 562 2500 η’
573 2417 609 2481 έν
624 2423 670 2502 τῷ
681 2419 829 2505 προτέρῳ
840 2412 863 2501 ἦ
874 2420 967 2506 ἐντῷ
978 2415 1104 2507 ὑστέρῳ
1116 2415 1233 2502 άγῶνι;

287 2509 405 2601 ἢποίηι
422 2512 561 2602 αἰσχύνη
581 2511 643 2581 οὐκ
661 2509 704 2580 άν
725 2516 780 2582 καί
802 2522 959 2602 συμφορᾷ
979 2511 1233 2600 περιπεπτωκῶς

244 2637 278 2690 12
286 2605 345 2698 ἦν;
366 2610 651 2696 παρακαλούντων
661 2612 702 2699 δή
713 2639 753 2698 με
764 2609 937 2698 ἁπάντων,
949 2617 1016 2700 ίδίηι
1027 2611 1232 2696 προσιόντων
1241 2627 1308 2682 1349

286 2713 367 2796 ἐμοὶ,
381 2714 433 2778 ἐπὶ
443 2717 603 2797 τιμωρίαν
613 2715 795 2797 τρέπεσθαι,
810 2703 859 2780 ῶν
869 2711 1039 2798 ἐπάθομεν
1049 2707 1102 2778 ὑπ’
1116 2709 1230 2799 αὐτοῦ,

286 2813 340 2876 καὶ
353 2807 581 2904 ὀνειδιζόντων
598 2836 654 2897 μοι
670 2810 917 2898 ἀνανδρότατον
933 2810 1126 2898 άνθρῶπων
1138 2809 1231 2894 εἶναι,

288 2913 318 2973 εί
327 2905 431 2986 οὕτως
442 2914 569 2987 οίκείως
579 2915 663 2996 έχων
674 2908 713 2976 τά
726 2908 810 2994 πρὸς
821 2910 959 2990 τούτους
969 2909 1012 2997 μη
1026 2910 1171 2997 λη’ψομαι
1182 2913 1232 2976 δί-
1322 2955 1324 2959 -

289 3031 353 3090 κην
371 3001 617 3094 ὑπὲράδελφης
635 3010 690 3076 καὶ
707 3013 876 3094 κηδεστῶν
893 3013 947 3078 καὶ
970 3009 1159 3095 ἀδελφιδῶν
1176 3011 1231 3075 καὶ

285 3102 445 3197 γυναικὸς
456 3108 609 3193 ἐμαυτοῦ,
622 3109 702 3193 μηδὲ
712 3106 774 3194 την
785 3117 974 3192 περιφανῶς
986 3113 1032 3186 είς
1041 3105 1118 3185 τούς
1128 3104 1230 3185 θεούς

285 3201 475 3287 άσεβούσαυ
491 3205 544 3271 καί
561 3208 607 3282 είς
623 3201 684 3290 την
701 3207 800 3273 πόλιν
817 3203 1017 3293 ὑβρίζουσαν
1027 3208 1160 3273 καὶτῶν
1170 3200 1230 3274 υόέ

258 3293 261 3298 ’
284 3326 357 3385 μων
384 3311 665 3391 καταφρονοῦσαν
690 3313 758 3371 τῶν
785 3303 954 3389 ὑμετέρων
980 3301 1165 3390 είσαγαγῶν
1184 3310 1229 3382 είς

285 3396 381 3484 ὑμᾶς,
395 3401 450 3466 καὶ
462 3401 625 3485 ἐξελέγξας
635 3410 683 3487 τῶ
693 3401 781 3492 λόγῳ
794 3400 839 3480 ῶς
849 3400 969 3486 άδικελ,
981 3407 1116 3488 κυρίους
1127 3431 1229 3472 κατα-

241 3510 275 3564 13
285 3497 393 3582 στήσω
415 3497 436 3565 ὅ
456 3526 487 3565 τι
508 3495 550 3567 άν
571 3501 741 3588 βούλησθε
762 3509 907 3587 χρῆσθαι
926 3499 1024 3590 αὐτῇ·
1052 3503 1105 3570 καὶ
1118 3501 1246 3584 ῶσπερ

282 3599 456 3680 Στέφανος
465 3594 577 3666 οὑτοσὶ
586 3598 641 3685 ἐμὲ
652 3598 802 3686 άφηρητο
815 3597 893 3678 τούς
904 3605 1043 3679 οἰκείους
1051 3598 1139 3687 παρά
1150 3596 1228 3677 τούς

282 3695 407 3780 νόμους
424 3694 535 3764 καὶτὰ
553 3705 745 3784 ψηφίσματα
761 3695 801 3764 τά
818 3696 974 3786 ὑμέτερα,
996 3698 1084 3766 οὕτω
1096 3698 1150 3764 καὶ
1161 3697 1224 3782 έγῶ
