3159 4409
311 433 355 554 6ss
520 493 601 550 XLV.
638 487 1054 552 ΔΗΜΟΣΘΕΝΟῬΣ

312 677 391 738 κην,
413 648 494 736 ἐμὸν
512 642 555 736 ἦν
574 647 613 718 τὸ
632 656 872 734 προκαλεῖσθαι
891 652 945 717 καὶ
962 647 1110 736 ἀνοίγειν
1126 654 1264 741 ταύτην,

312 746 353 817 ἵν’
366 754 396 817 εί
408 747 469 835 μὲν
479 743 547 816 ἀλλ’
561 745 641 814 ἀττα
654 753 725 827 τῶν·
735 743 802 813 ύπδ
818 747 947 817 τούτων
961 754 1265 837 μεμαρτυρημένων

259 856 263 860 ’
312 841 356 935 ἦν
369 844 464 915 τάκεῖ
470 846 696 932 γεγραμμένα,
713 844 882 931 μάρτυρας
894 843 999 924 εὐθὺς
1010 854 1079 914 τῶν
1090 869 1265 936 περιεστη-

312 947 421 1015 κότων
433 942 578 1023 πολλοὺς
590 945 812 1032 ποιησάμενος
822 952 985 1035 τεκμηρίῳ
999 945 1173 1035 τούτῳκαὶ
1187 951 1264 1033 περὶ

312 1053 380 1114 ταῖν
394 1045 516 1128 ἀλλων,
526 1040 569 1121 ὡς
580 1044 892 1129 κατασκευάζουσιν,
900 1044 1068 1130 ἐχρώμην·
1086 1052 1117 1113 εί
1127 1045 1163 1114 δὲ
1172 1044 1260 1114 ταῦτ’

312 1149 408 1232 ἐνῆν,
424 1141 486 1212 τὸν
504 1142 698 1229 παρασχόντ’
717 1142 823 1211 αάτδν
841 1141 958 1230 ἠξίουν
969 1162 1158 1231 μαρτυρεῖν.
1185 1151 1263 1214 ἐδε-
1284 1172 1286 1177 ·

311 1246 474 1332 λήσαντος
486 1241 623 1329 μὲνγὰρ
637 1239 835 1311 ὑπεύθυνον
845 1243 1044 1330 ἐλάμβανον,
1057 1251 1087 1312 εί
1097 1242 1123 1310 δ
1130 1245 1261 1332 ἔφευγε,

312 1345 414 1414 πάλιν
428 1341 510 1412 αάτὸ
523 1339 743 1411 τοῦδ’ίκανδν
753 1342 930 1428 τεκμήριον
942 1335 986 1429 ἦν
996 1370 1052 1429 μοι
1062 1352 1124 1411 τοῦ
1134 1343 1263 1412 πεπλά-

312 1451 394 1510 σθαι
408 1438 446 1509 τδ
465 1448 609 1527 πράγμα.
629 1440 700 1507 «καὶ
719 1437 759 1524 δη
775 1442 830 1507 καὶ
848 1437 1044 1525 συνέβαινεν
1055 1443 1187 1520 ἐκείνως
1200 1442 1263 1527 μὲν

312 1543 372 1610 ἕνα
388 1541 487 1626 εἶναι,
512 1537 595 1623 πρὸς
609 1533 656 1608 δν
671 1536 711 1606 τά
730 1538 906 1624 πράγματα
916 1538 1062 1625 ἐγίγνετό
1073 1565 1145 1625 μοι,
1168 1537 1213 1618 ὡς
1227 1538 1261 1623 δῖ

313 1633 407 1709 οὗτοι
420 1637 706 1725 μεμαρτυρήκασι,
719 1637 803 1722 πρὸς
813 1638 967 1716 πολλούς.
989 1645 1079 1706 ἐστιν
1093 1631 1158 1707 οάν
1171 1638 1262 1718 ὅστις

269 1750 303 1805 14
312 1733 356 1806 ἀν
372 1735 468 1823 ὑμῶν
484 1734 584 1804 ταῦθ’
602 1741 720 1815 εἵλετο;
743 1737 808 1820 ἐγώ
822 1736 883 1821 μὲν
895 1735 1016 1803 οὐδένα
1031 1733 1184 1823 ἡγοῦμαι.
1218 1736 1261 1806 οά

312 1845 430 1906 τοίνυν
439 1832 518 1903 οὐδὲ
528 1833 596 1902 κατ’
603 1835 708 1904 ἀλλον
718 1835 886 1901 πιστεύειν
897 1835 968 1902 ἐστὲ
980 1841 1107 1904 δίκαιοι.
1121 1837 1259 1924 καὶγὰρ,

312 1928 341 2005 ιά
362 1935 482 2021 ἀνδρες
495 1933 683 2021 Ἀθηναῖοι,
708 1933 799 2011 ὅσοις
819 1934 881 2018 μὲν
901 1933 1077 2023 πρόσεστιν
1093 1934 1175 2023 ὀργή
1194 1945 1263 2006 τῶν
1329 1949 1330 1955 ’

313 2037 548 2119 πραττομένων
565 2029 587 2119 ἢ
603 2033 715 2119 λῆμμά
731 2059 762 2099 τι
773 2028 1161 2122 κέρδουςῆπαροξυσμδς
1171 2033 1193 2123 ἢ
1205 2065 1263 2124 φι-

311 2139 472 2218 λονεικία,
494 2139 597 2202 ταῦτα
615 2131 676 2217 μέν
687 2130 786 2210 ἀλλος
797 2128 840 2199 ἀν
851 2129 957 2210 άλλως
967 2133 1099 2219 πράξειε
1109 2135 1192 2220 πρὸς
1202 2137 1263 2203 τὸν

239 2295 241 2299 ⁴
311 2228 416 2299 αὑτοῦ
427 2231 567 2314 τρόπον·
590 2229 681 2310 ὅσοις
692 2235 727 2298 δὲ
743 2230 873 2299 τούτων
889 2229 951 2316 μὲν
968 2233 1070 2318 μηδὲν
1076 2283 1085 2316 ,
1107 2234 1263 2319 λογισμὸς

309 2330 343 2398 δῖ
367 2329 422 2418 ἐφ’
445 2329 581 2417 ἡσυχίας
601 2338 663 2398 τοῦ
684 2334 927 2416 συμφέροντος,
948 2337 996 2408 τίς
1018 2327 1123 2409 οὕτως
1141 2328 1262 2416 ἀφρων

310 2428 400 2509 ὅστις
410 2425 461 2519 ’άυ
476 2427 516 2497 τά
534 2428 723 2498 συνοίσοντ’
742 2427 852 2515 ἀφεὶς,
876 2432 908 2509 ἐξ
919 2421 976 2496 7οἷν
992 2429 1109 2497 κάκιον
1125 2435 1262 2515 ἔμελλεν

310 2526 542 2614 ἀγωνιεῖσθαι,
565 2526 657 2596 ταῦτ’
673 2534 832 2613 «ἐπραξεν;
854 2525 877 2594 δι’
891 2526 957 2613 γάρ
974 2527 1048 2596 οὔτ’
1061 2529 1171 2598 είκότα
1183 2529 1257 2598 οὔτ’
1269 2539 1331 2594 110(

310 2628 431 2713 εὔλογα
444 2626 514 2697 οὔτ’
530 2625 573 2696 ἀν
583 2634 719 2714 ἔπραξεν
730 2625 855 2712 οὐδεὶς,
873 2624 974 2694 ταῦθ’
988 2619 1083 2694 οὗτοι
1092 2654 1261 2714 μεμαρτυ-

311 2726 430 2813 ρηκασι
440 2727 515 2813 περὶ
524 2722 628 2812 ἡμῶν.
693 2730 696 2737 ’

268 2839 301 2892 15
395 2824 447 2894 Οά
462 2833 579 2894 τοίνυν
587 2830 694 2913 μόνον
702 2830 735 2907 ἐξ
744 2820 793 2894 οἷν
802 2828 857 2914 ἐμὲ
865 2827 910 2913 μὴ
919 2828 1047 2896 ἐθέλειν
1057 2825 1094 2895 τό
1106 2852 1259 2913 γραμμα-

309 2940 398 2994 τεῖον
408 2924 555 3009 ἀνοίγειν
567 2924 845 3013 μεμαρτυρήκασι,
856 2933 951 3013 γνοίη
962 2953 1010 3004 τις
1020 2921 1064 2993 ἀν
1074 2924 1197 3005 αὐτοὺς
1207 2926 1259 2995 ὅτι

218 3085 225 3098 ,
309 3024 504 3106 ψεύδονται,
526 3020 608 3091 ἀλλά
625 3027 679 3092 καὶ
695 3027 731 3091 ἐκ
748 3035 810 3093 τοῦ
820 3026 1004 3113 πρόκλησιν
1016 3023 1102 3111 ὁμοῦ
1113 3026 1258 3116 διαθήκη

224 3170 232 3183 -.
311 3137 496 3210 μαρτυρεῖν.
520 3122 609 3209 οἶμαι
618 3120 682 3209 γάρ
695 3122 841 3204 ἅπαντας
851 3124 938 3212 ἀμοῖς
949 3128 1070 3192 εἰδέναι
1081 3123 1132 3193 ὅτι
1140 3125 1203 3194 ὅσα
1212 3125 1257 3214 μὴ

311 3220 457 3290 δυνατὸν
476 3222 558 3307 πρὸς
578 3219 668 3309 ὑμᾶς
685 3220 821 3310 ἀγαγεῖν
838 3228 907 3293 ἐστι
921 3234 989 3292 τῶν
1005 3229 1256 3314 πεπραγμένων,

266 3343 300 3397 16
309 3319 438 3387 τούτων
455 3321 650 3408 προκλήσεις
666 3321 862 3410 εὑρέθησαν.
896 3320 968 3392 οἷον
984 3331 1170 3411 βασανιζειν
1192 3324 1257 3394 οὐκ

310 3423 398 3485 ἐστιν
408 3422 559 3489 ἐναντίον
568 3418 677 3508 ὑμῶν·
693 3421 822 3510 ἀνάγκη
833 3422 955 3492 τούτου
965 3424 1148 3510 πρόκλησιν
1160 3425 1254 3493 εἶναι.

310 3513 383 3585 οἷον
402 3527 435 3586 εί
447 3522 675 3607 τιπέπρακτοιι
691 3524 746 3590 καὶ
762 3524 899 3607 γέγονεν
916 3527 976 3603 ἔξω
988 3547 1054 3590 που
1064 3530 1122 3610 τῆς
1135 3525 1253 3610 χώρας,

310 3612 437 3703 ἀνάγκη
458 3622 513 3687 καλ
528 3621 649 3689 τούτου
665 3620 849 3709 πρόκλησιν
864 3620 948 3689 εἶναι
963 3630 1058 3690 πλεῖν
1072 3618 1094 3708 ἦ
1109 3630 1255 3709 βαδίζειν

309 3705 352 3779 οὗ
367 3711 403 3783 τό
416 3717 539 3804 πρᾶγμ’
553 3719 718 3806 ἐπράχθη·
739 3723 872 3789 καὶτῶν
883 3719 993 3790 ἀλλων
1005 3723 1254 3794 τῶντοιούτων.
