3159 4409
325 485 389 548 ωο
540 488 592 544 ιτ.
616 483 1055 565 [ΔΗΜοεοωαονεη

325 647 570 732 ρωνευομένης,
593 642 697 732 ὅμως,
717 642 801 731 ἡνίχ’
817 641 1015 730 ὑπήκουσαν
1030 650 1086 713 καί
1101 646 1143 716 τά
1160 648 1280 717 δέοντα

325 759 432 814 ποιεῖν
441 743 706 832 ἠθέλησαν,ούκ
716 742 1279 833 ἐμνησικάκησαν,ἀλλάπροστάν-
1323 823 1324 826 ¹

324 870 377 923 τες
394 847 450 913 καί
462 845 686 929 παρασχόντες
703 841 834 910 ἅπαντα
844 842 1045 932 προθύμως,
1067 847 1123 913 καί
1140 845 1277 931 στύματα

323 945 376 1011 καί
388 943 537 1030 χρήματα
546 945 601 1012 καὶ
612 940 814 1028 συμμάχους,
827 947 874 1022 είς
884 957 1002 1028 πεῖραν
1011 936 1121 1029 ἦλθον
1131 942 1274 1029 ἀγῶνος,

279 1057 313 1112 19
324 1048 370 1121 είς
381 1039 422 1110 όν
433 1041 512 1111 οὐδὲ
529 1049 588 1128 τῆς
604 1049 710 1127 ψυχῆς
726 1044 913 1130 ἐφείσαντο.Ι
938 1046 971 1122 ἐξ
982 1041 1129 1129 ἀνάγκης
1139 1041 1177 1110 δὲ
1188 1061 1274 1129 συμ-

319 1149 443 1230 βαίνει,
455 1141 538 1209 όταν
548 1141 632 1230 μάχη
644 1146 812 1229 γίγνηται,
824 1155 892 1219 τοῖς
902 1142 963 1227 μὲν
972 1138 1144 1227 ἡττᾶσθαι,
1157 1155 1227 1221 τοῖς
1238 1141 1272 1210 δὲ

320 1249 427 1309 νικᾶν.
459 1239 522 1312 ούκ
534 1235 578 1311 ἀν
590 1240 766 1329 ὀκνήσαιμι
782 1238 814 1307 θ’
829 1245 932 1306 εἰπεῖν
942 1237 994 1306 ὅτι
1003 1265 1060 1324 μοι
1071 1244 1231 1306 δοκοῦσιν
1240 1243 1274 1308 οί

320 1346 536 1420 τελευτῶντες
555 1345 719 1426 ἑκατέρων
729 1343 766 1408 ἐν
777 1340 865 1418 τάξει
875 1347 932 1424 τῆς
942 1337 1111 1424 μὲνῆττης
1122 1335 1165 1404 οὐ
1178 1341 1271 1423 μετέ-

319 1464 404 1523 χειν,
426 1446 524 1507 νικάν
541 1440 576 1507 δὲ
588 1431 906 1526 ὁμοίωςάμφότεροι.
940 1434 978 1502 τὸ
989 1434 1124 1522 μὲνγὰρ
1137 1449 1269 1519 κρατεῖν

319 1542 434 1617 ἐντοῖς
445 1543 559 1622 ζῶσιν,
573 1533 671 1616 άςάν
682 1535 699 1605 ὁ
711 1541 838 1622 δαίμων
849 1540 1002 1625 παραδῷ,
1020 1541 1183 1619 κρίνεται·
1206 1532 1266 1604 δί’

320 1642 366 1715 είς
379 1643 479 1703 τούτο
498 1639 640 1704 ἕκαστον
655 1641 721 1703 ἔδει
737 1637 977 1721 παρασχέσθαι,
1000 1641 1064 1712 κάς
1080 1631 1223 1719 ὁμίνων
1233 1636 1267 1702 ἐν

318 1735 406 1814 τάξει
417 1741 602 1820 πεποίηκεν.
627 1741 657 1802 εί
666 1737 701 1802 δὲ
710 1731 836 1819 θνητὸς
848 1730 896 1800 ἀν
906 1734 967 1818 την
976 1736 1177 1820 εἱμαρμένην
1185 1739 1266 1819 ἔσχε,

318 1841 359 1919 τῇ
369 1833 453 1921 τύχη
463 1836 613 1902 πέπονθε
623 1832 660 1901 τὸ
675 1840 876 1919 συμβαῖνον,
894 1829 1038 1918 ούχίτην
1048 1831 1159 1917 ψυχὴν
1169 1829 1266 1917 ἥττη-

275 1950 310 2001 20
318 1956 370 1997 ται
386 1938 455 1996 τεόν
471 1932 638 1998 ἐναντίων.
672 1937 793 2016 νομίζω
809 1935 925 1997 τοίνυν
941 1931 996 1997 καὶ
1012 1937 1073 1996 τού
1088 1937 1148 2015 της
1159 1929 1265 2016 χώρας

317 2026 413 2113 ἡμῶν
430 2027 473 2113 μη
493 2031 645 2116 ἐπιβῆναι
661 2026 740 2106 τούς
757 2034 933 2113 πολεμίους
943 2024 1025 2109 πρὸς
1035 2035 1077 2114 τῇ
1087 2035 1157 2094 τῶν
1167 2031 1264 2096 ε’ναυ-
1271 2047 1320 2106 1395

222 2176 226 2185 .
316 2131 395 2193 τίων
407 2124 630 2214 ἀγνωμοσύνῃ
646 2127 708 2212 τὴν
717 2127 848 2193 τούτων
865 2123 989 2212 ἀρετὴν
1004 2132 1113 2194 αίτίοιυ
1127 2134 1265 2213 γεγενῆ-

317 2232 412 2291 σθαι·
435 2222 503 2292 κατ’
515 2223 622 2310 ἀνδρα
633 2222 697 2309 γάρ
709 2239 826 2310 πεῖραν
837 2224 1006 2311 εἰληφότες
1017 2229 1051 2292 οί
1059 2225 1133 2292 τότε
1145 2233 1264 2313 συμμί-

316 2328 428 2403 ξαντες
444 2327 515 2391 ἐκεῖ
528 2321 590 2391 οὐκ
613 2324 793 2410 ἐβούλοντο
811 2317 911 2400 αὖθις
922 2328 967 2400 είς
978 2320 1092 2407 ἀγῶνα
1103 2332 1263 2393 καθίστα-

316 2432 396 2490 σθαι
413 2438 480 2502 τοῖς
497 2427 633 2491 ἐκείνων
649 2430 796 2507 οίκείοις,
818 2421 1108 2507 ὑπολαμβάνοντες
1123 2437 1195 2502 ταῖς
1205 2424 1262 2510 μὲν

316 2521 437 2604 φύσεσι
453 2535 521 2599 ταῖς
533 2519 658 2606 ὁμοίαις
676 2520 939 2606 ἀπαντήσεσθαι,
961 2521 1065 2605 τύχην
1082 2522 1118 2589 δέ
1131 2520 1195 2589 ούκ
1206 2521 1262 2589 εύ-

314 2642 420 2704 πορον
432 2617 515 2687 είναι
525 2619 587 2704 τὴν
597 2618 716 2705 ὁμοίαν
737 2626 860 2705 λαβεῖν.
894 2624 990 2704 δηλοῖ
1004 2619 1039 2686 δὲ
1056 2618 1117 2705 οὐχ
1143 2618 1262 2705 ἥκιστα

314 2714 365 2784 ότι
380 2715 475 2783 ταῦθ’
501 2716 605 2796 οὕτως
620 2723 684 2802 ἔχει
711 2720 766 2785 καί
783 2716 823 2784 τά
841 2724 899 2803 τῆς
915 2725 1089 2803 γεγονυίας
1111 2720 1259 2806 είρήνης·

313 2812 354 2881 ού
373 2812 438 2902 γάρ
459 2814 560 2882 ἔνεστ’
580 2820 681 2883 είπείυ
701 2813 767 2884 οὔτ’
790 2809 1017 2901 ἀληθεστέραν
1037 2815 1115 2884 ούτε
1137 2825 1260 2886 καλλίω

312 2912 481 2997 πρόφασιν
489 2921 551 2979 τοῦ
559 2920 616 2998 τῆς
625 2916 976 3000 τῶντετελευτηκότων
985 2913 1175 3000 ἀγασθέντα
1184 2914 1261 3002 ἀρε·

311 3018 369 3096 τῆς
379 3010 438 3078 τόν
449 3017 516 3078 τῶν
526 3014 685 3079 ἐναυτίων
693 3015 814 3100 κύριον
822 3021 922 3098 φίλον
931 3019 1087 3099 γενέσθαι
1098 3029 1167 3094 τοῖς
1177 3019 1260 3084 ἐκεί·

311 3136 381 3176 νων
393 3118 523 3189 οίκείοις
539 3110 722 3197 βούλεσθαι
739 3109 900 3200 μάλλονῆ
912 3115 1013 3182 πάλιν
1022 3114 1082 3181 τὸν
1093 3111 1180 3198 ὑπὲρ
1193 3124 1260 3182 τῶν

267 3229 300 3281 21
311 3206 399 3276 ὅλων
415 3215 575 3278 κίνδυνον
592 3208 747 3298 ἀρασθαι.
784 3210 875 3298 οἶμαι
891 3210 924 3278 θ’
942 3207 1002 3296 ἀν,
1026 3221 1060 3279 εί
1071 3238 1120 3291 τις
1137 3211 1261 3292 αύτούς

309 3305 387 3384 τούς
397 3311 685 3396 παραταξαμένους
693 3312 881 3397 ἐρωτήσειε,
899 3309 1006 3396 πότερ’
1019 3309 1181 3397 ἡγοῦνται
1190 3326 1261 3390 ταῖς
1300 3389 1302 3393 ,

309 3399 420 3479 αὑτων
430 3405 558 3488 ἀρεταῖς
569 3405 590 3493 ἢ
600 3415 641 3495 τῇ
653 3410 827 3499 παραδόξῳ
840 3413 895 3477 καί
904 3417 1027 3497 χαλεπῇ
1038 3409 1121 3496 τύχη
1128 3437 1259 3496 κατωρ-

308 3504 456 3567 θωκέναι
471 3508 526 3572 καί
542 3512 581 3593 τῇ
593 3514 654 3573 τοῦ
665 3509 905 3593 προεστηκότος
916 3505 1029 3575 αὐτῶν
1039 3510 1192 3595 ἐμπειρίᾳ
1203 3512 1258 3576 καί
1320 3517 1322 3524 ’

308 3602 421 3686 τόλμη,
435 3597 555 3668 οὐθένα
567 3601 632 3671 οὔτ’
644 3604 865 3691 ἀναίσχυντον
885 3604 961 3675 οὔτε
971 3605 1138 3693 τολμηρὸν
1150 3606 1257 3685 οὕτως

308 3696 392 3764 είναι
420 3694 520 3766 ὅντιν’
532 3699 804 3791 ἀντιποιήσεσθαι
814 3712 881 3773 τῶν
891 3709 1139 3792 πεπραγμένων.
1170 3705 1253 3775 ἀλλά
