3159 4409
315 485 335 548 8
538 487 604 544 XLI.
626 481 1040 556 Δ-ΗΜΟΣΘΕΝΟΥΣ

316 647 435 725 πάντες
447 644 622 730 ἅνθρωποι
633 644 715 728 πρὸς
725 643 765 710 τά
777 640 849 729 μήτ’
862 643 973 731 άληθή
982 646 1061 732 μήτε
1075 651 1185 716 δίκαια
1196 657 1266 718 τῶν

316 744 531 833 ἐγκλημάτων
542 741 583 810 οὐ
594 749 816 825 κατασιωπᾶν,
834 740 918 810 άλλά
930 753 1127 832 παραχρῆμα
1138 745 1264 834 άμφισ-

309 854 428 933 ’βητεῖν
440 842 616 927 εἰώθαμεν,
629 839 672 926 μή
686 839 881 926 ποιήσαντες
892 841 1056 930 δὲταῦτα,
1068 840 1264 929 άνῧστερον

316 941 521 1025 άυτιδικιόσι,
541 940 681 1025 πονηροί
698 942 754 1006 καί
770 941 985 1024 συκοφάνται
995 946 1153 1012 δοκοῦσι-ν
1170 945 1261 1013 εἶναι.

270 1060 306 1112 24
316 1049 419 1108 ταῦτα
429 1039 490 1126 μὲν
500 1045 616 1106 τοίνυν
626 1042 797 1116 Σπουδίας
814 1036 913 1106 οὐδὲν
924 1033 1026 1126 ήττον
1043 1046 1126 1129 ἐμοῦ
1140 1045 1265 1130 γιγνιά·

316 1161 423 1224 σκων,
435 1135 516 1219 ἀλλ’,
529 1135 634 1221 οἶμαι,
651 1139 706 1204 καί
717 1134 969 1224 άκριβέστερον,
987 1139 1055 1229 ὅσῳ
1068 1145 1122 1210 καὶ
1135 1144 1264 1212 πυκνό-

315 1264 413 1323 τερον
425 1239 562 1305 ἐνταυθὶ
574 1237 785 1322 παρέρχεται,
803 1244 906 1304 πᾶσιν
916 1242 1048 1306 ἐναντία
1058 1256 1125 1320 τοῖς
1136 1265 1265 1326 πεπρα-

314 1341 446 1424 γμένοις
460 1337 565 1421 ἑαυτῷ
577 1337 684 1419 λέγων
695 1333 758 1402 οὐκ
770 1336 967 1421 αἰσχύνεται.
990 1347 1095 1407 καίτοι
1107 1343 1265 1419 πολλάκις

314 1433 407 1522 ὑμεῖς
428 1437 466 1501 έν
487 1432 594 1518 μόνον
618 1433 819 1521 σκευώρημα
840 1435 1032 1516 συνιδόντες
1052 1437 1159 1528 τούτῳ
1181 1440 1264 1508 κατά

280 1531 288 1574 .·
313 1542 382 1602 τῶν
400 1530 512 1599 άλλων
527 1540 594 1598 τῶν
611 1534 866 1619 ἐγκαλουμένων
882 1537 1068 1622 ἐχρήσασθε
1084 1547 1262 1629 τεκμηρίῳ·
1277 1570 1280 1574 ·

313 1631 420 1719 τούτῳ
439 1628 469 1697 δ’
483 1629 606 1698 ἅπανθ’
620 1629 676 1716 ὑφ’
690 1630 797 1700 αὑτοῦ
808 1640 1015 1722 συμβέβηκεν
1028 1639 1263 1722 ἐξελέγχεσθαι.

312 1737 370 1799 καί
378 1756 433 1818 μοι
443 1731 523 1817 λαβὲ
532 1729 593 1815 τήν
604 1737 788 1816 μαρτυρίαν
801 1731 845 1811 οἱς
857 1731 1052 1819 ὡμολογεῖτο
1067 1736 1140 1804 τότε
1150 1735 1189 1803 τά
1201 1757 1271 1824 ση-,

313 1844 387 1918 μεῖα
405 1836 473 1897 τῶν
489 1829 693 1915 γραμμάτων
711 1828 776 1897 ὑπὸ
795 1839 853 1917 τῆς
870 1834 993 1900 τούτου
1010 1834 1185 1922 γυναικὸς,
1206 1839 1263 1904 καὶ
1317 1869 1320 1876 ’

263 2018 266 2022 .
313 1937 378 1997 νῦν
390 1927 456 1996 ὖπδ
469 1933 642 1998 Σπουδίου
654 1933 950 2015 κατασημανθέντα
961 1947 1072 2000 κεῖται.

251 2020 262 2027 ”
661 2035 904 2098 ΜΑΡΤυΡιΑ.

269 2158 304 2210 25
399 2129 536 2195 Τούτων
565 2134 682 2195 τοίνυν
711 2125 800 2194 οὕτω
829 2135 945 2212 σαφῶς
975 2126 1262 2216 ἀποδεδειγμένων

312 2226 456 2315 ἡγοῦμαι
473 2229 535 2312 μέν
552 2224 652 2294 οὐδὲν
664 2233 711 2294 ἔτι
725 2229 799 2293 δεῖν
816 2233 917 2293 πλείω
933 2232 1055 2312 λέγειν·
1078 2225 1178 2295 ὁπότε
1193 2227 1260 2314 γὰρ

312 2330 367 2395 καὶ
384 2329 509 2414 νόμους
530 2332 592 2412 έχω
615 2327 818 2410 παρέχεσθαι
836 2328 891 2391 καὶ
912 2323 1082 2412 μάρτυρας
1102 2320 1261 2394 ἁπάντων

311 2435 379 2494 τῶν
390 2431 582 2512 εἰρημένων,
600 2427 654 2492 καὶ
665 2423 725 2492 τὸν
736 2423 907 2492 ἀντίδικον
918 2421 1022 2491 αὐτὸν
1032 2423 1260 2510 ὁμολογοῦντά

311 2551 377 2612 μοι,
394 2534 428 2593 τί
436 2531 488 2593 δεῖ
495 2532 632 2614 μακρῶν
644 2530 691 2591 ἔτι
701 2524 827 2607 λόγων;
850 2521 939 2607 ὅμως
948 2520 979 2589 δ’
987 2518 1031 2589 άν
1041 2522 1106 2606 άρα
1117 2524 1261 2608 περὶτῆς
1286 2568 1288 2574 -

313 2623 449 2707 προικὸς
460 2621 631 2708 άγανακτή
649 2625 704 2689 καὶ
722 2622 836 2707 φάσκη
848 2629 1118 2688 πλεονεκτεῖσθαι
1128 2633 1198 2697 ταῖς
1210 2646 1262 2704 χι-

312 2728 395 2800 λίαις
406 2726 574 2807 δραχμαῖς,
586 2722 756 2800 ψεύσεται·
770 2717 943 2806 οὐδὲνγὰρ
955 2727 1040 2806 ἔχων
1048 2723 1184 2787 ἔλαττον
1195 2716 1261 2803 άμ-

312 2827 468 2906 φισβητεῖ
475 2817 558 2901 πρὸς
569 2817 679 2902 αάτὸις,
692 2815 775 2885 άλλά
788 2823 900 2904 πλέον,
915 2818 958 2897 ὡς
967 2814 1066 2903 αὐτίχ’
1079 2815 1159 2903 ὑμῖν
1171 2822 1260 2884 ἔσται

270 2918 470 3005 νοφανερόν.
493 2914 534 2983 οὐ
546 2915 613 3002 μήν
624 2913 692 2982 ἄλλ’
707 2916 854 2984 είπάυτα
864 2914 965 2985 ταῦθ’·
975 2915 1019 2994 ὥς
1030 2913 1166 2999 άληθῶς
1176 2935 1260 2981 συν-
1270 2934 1324 2993 ηομ

209 3055 212 3061 ·
312 3020 381 3103 έβη,
395 3014 436 3082 οὐ
447 3015 554 3101 δήπου
565 3018 694 3081 δίκαιον
709 3016 766 3100 ἐμὲ
781 3013 844 3102 τήν
861 3014 1126 3102 ὁμολογηθεῖσαν
1138 3027 1259 3101 προῖκα

311 3114 355 3200 μή
367 3120 496 3200 λαβεῖν,
518 3123 610 3199 εἴπερ
622 3112 745 3200 ὄφελός
755 3140 784 3182 τι
798 3124 868 3183 τοῖν
878 3116 993 3199 νόμων
1003 3114 1107 3198 ἐστὶν,
1125 3110 1206 3180 οὐδέ
1221 3138 1258 3197 γε

311 3212 371 3279 τδν
381 3212 613 3296 Πολύευκτον,
631 3219 661 3281 εί
676 3221 743 3281 τῶν
758 3216 957 3299 θυγατέρων
972 3211 1126 3299 ἐβούλετο
1140 3219 1182 3297 τῇ
1197 3212 1259 3296 μὲν

311 3311 449 3392 ἐλάττω,
467 3317 507 3397 τή
518 3309 554 3378 δὲ
566 3317 667 3378 πλείω
683 3311 789 3394 προῖκ’
802 3315 992 3394 ἐπιδοῦναι,
1009 3314 1260 3396 διακωλυθῆναι

311 3414 392 3474 νῦν·
414 3409 467 3474 σοὶ
481 3406 545 3495 γάρ
563 3409 652 3500 αὐτῷ
671 3409 714 3497 μή
733 3409 916 3496 λαμβάνειν
933 3415 1025 3494 ἐξῆν,
1049 3403 1077 3478 ὦ
1092 3413 1258 3493 Σπουδία,

229 3570 234 3586 ,
310 3510 354 3593 μή
369 3514 641 3597 προστιθεμένων
653 3509 843 3594 ὥσπερίμοὶ
853 3515 922 3576 τῶν
932 3517 1054 3594 χιλίων.
1077 3505 1145 3575 ἄλλ’
1157 3505 1259 3574 οὐδὲν

311 3610 445 3675 ἔλαττον
456 3607 552 3693 εἶχες,
565 3606 618 3686 ,ὥς
629 3607 694 3693 ἐγώ
705 3607 834 3687 διδάξω.
870 3617 1003 3692 πρῶτον
1016 3607 1048 3675 δ’
1061 3603 1110 3693 ἐφ’
1124 3602 1174 3684 οἷς
1190 3607 1260 3686 ἐξέ·

311 3709 399 3793 δοτο,
410 3707 540 3776 τούτων
551 3707 633 3793 λαβέ
643 3732 700 3791 μοι
710 3704 773 3804 τήν
782 3713 978 3794 μαρτυρίαν.
