3159 4409
324 499 366 563 νο
517 501 606 558 xnn.
646 495 1062 557 ΔΗΜΟΣΘΕΝουΣ
1136 486 1139 504 ¹

324 664 412 729 ἐστιν
431 655 448 725 ὁ
465 666 602 744 κλῆρος,
625 654 736 734 οὐδεὶς
751 652 865 722 αὐτῶν
881 653 959 722 οὔτε
969 655 1131 742 πρότερον
1140 653 1267 723 πώποτ’

265 780 269 788 ’
324 758 402 827 οὔτε
419 764 484 825 νῦν
500 753 690 842 ἠνώχλησεν
705 750 801 840 ἡμῖν,
824 750 899 820 οὐδ’
921 751 1171 839 ἠμφισβήτησεν
1192 752 1270 820 οὔτε

323 865 384 925 τοῦ
400 857 526 943 κλήρου
537 863 598 922 τοῦ
605 852 738 939 Ἁγνίου
748 851 825 921 οὔτε
835 860 893 938 τής
902 849 1060 936 γυναικὸς
1069 860 1127 938 τής
1137 851 1271 937 ἐπικλή-

324 982 401 1041 ρου,
412 953 455 1042 ἣν
466 955 530 1040 ἐγώ
541 959 619 1039 ἔχοι,
632 951 912 1036 ἐπιδικασάμενος,
923 948 1103 1036 ἡγούμενοι
1112 947 1186 1017 οὐδ’
1200 948 1272 1016 ὁτι-

279 1064 312 1117 21
324 1061 386 1119 οῦν
403 1051 583 1138 προσήκειν
599 1052 727 1128 ἑαυτοῖς
744 1046 883 1126 οάδενὸς
893 1046 1106 1132 τοῖνἎγνίου.
1139 1055 1271 1134 περίερ-

321 1177 382 1235 γον
393 1150 433 1235 δή
445 1176 500 1235 μοι
511 1154 604 1217 δοκεῖ
611 1147 694 1216 εἶναι
705 1150 813 1232 λέγειν
822 1175 853 1214 τι
863 1151 937 1233 περὶ
947 1147 1093 1232 τούτων,
1115 1145 1204 1232 πλήν
1215 1144 1269 1214 ὅδ’

321 1253 353 1328 ἐξ
371 1247 517 1333 ἀνάγκης
532 1249 620 1314 ἐστὶν
637 1250 889 1332 ἐπιμνησθῆναι.
924 1249 997 1329 περὶ
1018 1245 1053 1312 δὲ
1070 1243 1269 1330 Θεοπόμπου

321 1354 382 1414 τοῦ
398 1344 522 1430 πατρὸς
537 1351 597 1412 τοῦ
607 1344 834 1437 Μακαρτάτου
852 1346 907 1412 καὶ
925 1343 1031 1411 αὐτοῦ
1046 1345 1179 1411 τουτουί
1189 1350 1270 1410 Μα-

321 1445 503 1528 καρτάτου,
526 1443 744 1525 περὶτούτων
760 1448 820 1528 μοί
835 1444 923 1509 ἐστιν
939 1444 971 1520 ἐξ
988 1439 1135 1525 ἀνάγκης
1150 1444 1276 1524 λέγειν’

320 1546 388 1608 ἔστι
400 1543 436 1610 δὲ
446 1541 570 1629 βραχὺς
581 1538 599 1607 ὁ
612 1540 720 1626 λόγος,
734 1532 890 1625 άάνδρες
901 1543 1058 1606 δικασταί.
1082 1536 1192 1623 ὥσπερ
1204 1536 1268 1621 γάρ

319 1637 434 1724 ὀλίγον
455 1665 487 1705 τι
508 1637 670 1722 πρότερον
691 1635 855 1722 ἀκηκόατε
872 1635 923 1703 ὅτι
938 1644 985 1724 τῷ
999 1637 1155 1723 Βουσέλῳ
1170 1638 1268 1703 πέντε

319 1741 401 1814 υίεῖς
411 1739 579 1820 ἐγίνοντο,
591 1736 721 1802 τούτων
731 1731 776 1812 εἷς
785 1728 829 1820 ήν
839 1741 1000 1818 Στρατίος
1011 1732 1029 1802 ὁ
1039 1736 1172 1802 τουτουὶ
1183 1735 1269 1820 πρό-

319 1859 419 1918 γονος
430 1831 672 1914 Μακαρτάτου,
685 1833 740 1899 καὶ
753 1831 998 1915 ἕτεροςἈγνίας
1009 1829 1026 1899 ὁ
1038 1834 1171 1900 τουτουί
1182 1832 1268 1919 πρό-

276 1954 418 2016 ηηγονος
428 1936 488 1997 τοῦ
500 1927 625 2007 παιδός.
648 1932 776 2012 ἐγίνετο
789 1927 829 2015 δή
842 1930 913 2007 υίὸς
923 1939 970 2018 τῷ
985 1931 1095 2018 Ἅγυίηι
1105 1934 1267 2016 Πολέμων

317 2032 371 2096 καί
387 2027 538 2112 θυγάτηρ
550 2029 745 2113 Φυλομάχη,
766 2025 896 2111 ἀδελφή
906 2036 968 2093 τοῦ
977 2027 1174 2113 Πολέμωνος
1184 2025 1267 2115 ὁμο·

317 2132 436 2210 πατρία
454 2128 507 2193 καί
525 2123 723 2211 ὁμομητρία·
744 2133 805 2192 τοῦ
818 2125 854 2191 δὲ
864 2132 1030 2210 Στρατίου
1041 2128 1193 2209 ἐγίνοντο
1203 2135 1266 2193 τοῦ

318 2222 467 2309 ἀδελφοῦ
489 2232 551 2291 τοῦ
570 2223 702 2308 Ἁγνίου
724 2225 938 2308 Φανοστράτη
960 2227 1016 2291 καὶ
1036 2229 1224 2310 Χαρίδημος
1246 2213 1264 2292 ὁ

316 2322 438 2389 τούτου
454 2320 586 2400 πάππος
597 2322 833 2410 Μακαρτάτου.
867 2326 977 2406 ἐρωτῶ
989 2321 1030 2407 δή
1041 2320 1142 2408 ἀμάς,
1164 2316 1266 2390 ἀάν·

317 2424 391 2502 δρες
407 2421 575 2506 δικασταί,
598 2420 736 2507 πότερος
753 2419 950 2508 οἰκειότερός
966 2424 1096 2489 ἐστικαὶ
1107 2421 1266 2508 προσήκει

314 2526 441 2604 μᾶλλον
458 2527 504 2607 τῷ
511 2517 639 2607 Ἆγνιήι,
661 2518 679 2588 ὁ
698 2520 771 2598 ,υίὸς
782 2519 800 2588 ὁ
812 2522 972 2605 Πολέμων
982 2517 1068 2605 καλή
1081 2517 1322 2606 θυγάτηρήιοῡ

316 2616 512 2701 Φυλομάχη,
535 2612 557 2701 ή
567 2623 756 2704 Χαρίδημος
773 2615 790 2685 ὁ
809 2616 1104 2704 υίὸςὸΣτρατίον,
1126 2616 1265 2704 ἀδελφι-

316 2717 397 2791 δοῦς
408 2713 440 2782 δ’
448 2711 596 2799 Ἁγνίους
608 2715 672 2800 ἐγώ
683 2717 744 2802 μὲν
754 2714 818 2801 γάρ
829 2714 972 2801 ἡγοῦμαι
982 2715 1042 2784 τὸν
1051 2715 1128 2785 υίὸν
1136 2721 1191 2784 καί
1202 2717 1264 2802 τήν

315 2814 485 2896 θυγατέρα
505 2812 705 2897 οίιιειότερον
727 2813 811 2881 εἶναι
831 2814 956 2902 ἑκάστῳ
977 2812 1072 2900 η’μοῐν
1093 2811 1263 2902 μάλλονή

315 2909 375 2977 τὸν
392 2906 608 2994 ἀδελφιδοῦν·
629 2913 684 2979 καί
702 2908 744 2978 οὐ
760 2913 866 2997 μόνον
875 2911 955 2997 παρ’
966 2912 1046 3000 ήμϊν
1055 2923 1153 2982 τοῦτο
1164 2914 1264 2983 νενό-

316 3029 442 3093 μισται,
465 3003 549 3076 ἀλλά
566 3009 621 3075 καὶ
637 3007 725 3095 παρά
742 3025 811 3091 τοῖς
827 3010 937 3091 ἀλλοις
953 3010 1056 3079 ἅπασι
1072 3011 1263 3099 καίἝλλησι

271 3121 306 3173 ‘23
315 3109 369 3172 καί
381 3106 569 3192 βαρβάροις.
602 3106 713 3194 ἐπειδή
724 3116 840 3177 τοίνυν
852 3109 951 3177 τοῦθ’
963 3107 1183 3198 ὁμολογεῖται,
1198 3115 1262 3199 ρᾳ-
1291 3181 1305 3192 ,,

315 3206 391 3280 δίας
402 3202 464 3289 ήδη
476 3219 543 3282 τοῖς
555 3204 681 3291 ἀλλοις,
700 3199 727 3273 ιὸ
737 3205 857 3294 ἀνδρες
868 3210 1033 3288 δικασταί,
1049 3218 1262 3296 παρακολου-

313 3301 450 3385 θήσετε,
472 3306 527 3370 καὶ
547 3304 752 3390 αἰσθήσεσθε
774 3306 913 3384 τούτους
934 3305 986 3372 ὅτι
1007 3310 1068 3375 εἰσί
1084 3314 1187 3393 βίαιοι
1203 3310 1261 3376 καί

313 3394 460 3481 ἀσελγεῖς
472 3398 655 3487 ἀνθρωποι.
677 3407 942 3490 τοῦΠολέμοινος
952 3403 1017 3490 γάρ
1027 3411 1090 3471 τοῦ
1099 3407 1187 3483 υἱέος
1197 3430 1259 3473 του

309 3494 440 3581 Ἁγνίου
457 3499 583 3581 ἐγένετο
595 3498 819 3586 υίὸςἉγνίας,
840 3502 877 3569 τὸ
888 3509 950 3568 τοῦ
960 3500 1098 3570 πάππου
1108 3510 1169 3570 τοῦ
1180 3506 1260 3571 ἑαυ·

312 3603 373 3662 τοῦ
383 3592 480 3681 ὄνομ’
494 3602 586 3682 ἔχων,
598 3610 659 3667 τοῦ
669 3597 812 3686 Ἀγνίου.
834 3602 889 3668 καὶΙ
899 3592 996 3679 οὗτος
1006 3601 1068 3685 μὲν
1078 3600 1177 3680 ἀπαις
1187 3604 1260 3670 ἐτε-

268 3693 469 3780 νλλεάτησεν
486 3689 638 3778 ὁἉγνίας
653 3694 671 3765 ὁ
689 3695 836 3782 ὕστερος.
865 3705 925 3783 ,τῆς
936 3698 1134 3785 Φυλομάχης
1150 3701 1187 3768 δὲ
1198 3708 1258 3788 τῆς

1309 3824 1314 3857 λ
