3159 4409
287 489 376 557 w
533 491 600 554 LVI.
630 487 1048 552 ΔΗΜΟΣΘΕΝΟῬΣ

316 656 362 728 είς
378 647 559 736 τηνῬόδον
569 659 716 718 σωθεῖσα
725 650 780 717 καὶ
790 649 893 716 πόλιν
903 653 1035 726 ἐκεῖθενΙ
1043 648 1265 720 ἀποσταλεῖσα

316 755 362 828 είς
372 758 545 834 Αίγυπτον
554 750 609 817 καὶ
618 754 666 817 ἔτι
677 750 731 815 καὶ
740 756 806 815 νῦν
815 754 962 816 πλέουσα
969 749 1165 837 πανταχόσε,
1179 752 1266 836 πλὴν

316 845 379 916 οῦκ
392 854 437 929 είς
447 847 598 934 Ἀθήνας.
629 853 735 914 καίτοι
747 854 818 925 ποῦς
829 844 892 913 οῦκ
903 845 1044 934 ἄτοπον,
1057 847 1139 916 ὅταν
1150 851 1212 934 μὲν
1222 854 1268 929 ἐίς

315 945 353 1014 τδ
360 945 548 1032 Ἀθηναίων
559 946 718 1032 ἐμπόρων
729 946 832 1033 δεήσῃ
844 945 999 1031 κατάγειν
1008 947 1070 1033 την
1080 956 1184 1034 ναῦν,
1207 952 1268 1036 ῥα-

315 1054 414 1131 γῆναι
430 1044 588 1130 φάσκειν,
605 1041 731 1112 ὅτανδ’
745 1042 835 1123 είς
800 1071 862 1130 την
866 1042 1025 1113 Ῥόδον
990 1073 1051 1115 τον
1060 1061 1154 1115 σῖτον
1164 1048 1268 1128 έξελέ·

316 1153 397 1212 σθαι
403 1150 604 1229 ,τηνικαῦτα
617 1144 653 1211 δὲ
664 1143 751 1231 πλωῖ
736 1161 815 1229 ῖμον
825 1135 933 1211 οὖσαν
943 1145 1169 1229 φαίνεσθαι
1132 1172 1195 1276 την
1205 1144 1267 1214 αῦ-

314 1240 377 1329 τὴν
389 1249 492 1320 ναῦν;

271 1348 305 1401 24
397 1338 463 1410 Διά
475 1334 559 1409 τί
516 1368 595 1427 ουν,
613 1345 731 1428 φησιν,
749 1341 1017 1428 ἐμισθωσάμην
998 1345 1264 1425 ετεραπλοῖακαλ

314 1441 545 1528 μετεξειλόμην
562 1440 622 1511 τόν
637 1440 744 1527 γόμον
759 1442 816 1508 καὶ
819 1445 927 1562 δεῦρο
938 1438 1168 1559 ἀπέφτειλα;“
1148 1467 1262 1526 οτι,

314 1541 435 1627 ἀνδρες
450 1539 663 1665 Ἀθηναῖοι,
660 1540 701 1608 οῦ
722 1567 789 1608 των
811 1537 969 1607 ἁπάντων
989 1537 1168 1624 ἀγωγίμων
1183 1523 1261 1607 οῦθ

313 1739 458 1825 βαται
421 1765 461 1805 τα
473 1741 601 1808 έαυτων
610 1739 737 1859 χρηματ
740 1733 978 1823 ’ἀπέστελλου,
996 1735 1086 1822 ἶμαι
1092 1786 1102 1821 ,
1116 1740 1217 1824 δεῦρο
1228 1743 1263 1806 έν

250 1827 252 1831 ’
314 1839 434 1922 ἑτέροις
445 1843 571 1915 πλοίοις
581 1834 642 1916 ἐξ
623 1863 779 1922 αναγκης,
791 1827 1215 1921 ἐπειδη-προκατέλυσαν
1172 1861 1263 1903 ουτοι
1293 1877 1295 1879 -

313 1933 373 2003 τόν
389 1945 512 2004 πλοῦν·
526 1928 582 2003 ,τόν
603 1938 714 2021 μέντοι
736 1933 831 2003 αὐτοὶ
851 1928 938 2020 ἦσαν
958 1935 1085 2022 κύριοι,
1108 1932 1149 2002 οῦ
1169 1932 1258 2002 ταῦτ’

313 2030 513 2102 ἀπέστελλον
523 2033 630 2102 πάντα
642 2038 753 2120 δεῦρο,
762 2032 1048 2121 ἀλλ’έκλεγόμενοι
1058 2040 1160 2102 τίνων
1170 2038 1207 2102 αι’
1214 2059 1258 2100 τι·

271 2135 370 2218 ῖὸμαὶ
396 2135 597 2200 ἐπετέταντο.
639 2134 709 2201 ἐπεὶ
734 2139 768 2200 τί
786 2133 907 2219 δήποτε
929 2133 1150 2220 μισθούμενοι
1169 2134 1262 2214 ἕτερα

312 2238 419 2316 πλοῖα,
434 2229 478 2309 ἀς
488 2257 581 2318 φατε,
593 2229 654 2318 οὐχ
665 2230 795 2317 ἅπαντα
805 2233 865 2299 τόν
875 2233 981 2317 γόμον
990 2239 1047 2318 τῆς
1056 2232 1140 2310 νειὸς
1148 2257 1259 2318 μετεν-

312 2331 450 2416 έθεσθε,
469 2327 553 2398 ἀλλά
563 2328 624 2398 τόν
635 2344 728 2399 σῖτον
738 2328 844 2399 αὐτοῦ
853 2334 891 2399 έν
905 2329 1051 2421 τῇῬόδφ
1061 2338 1262 2414 κατελίπετε;

313 2427 380 2512 ότι,
399 2421 557 2515 ἀάνδρες
571 2431 736 2516 δικασταὶ,
753 2437 876 2497 τοῦτον
886 2430 947 2515 μὲν
958 2433 1142 2515 συνέφερεν
1153 2428 1263 2506 αὐτοῖς

313 2529 559 2596 έκεῖσεπωλεῖυ·
575 2529 632 2607 τάς
639 2527 705 2615 γάρ
714 2529 809 2616 τιμὰς
817 2529 939 2597 ένθάδε
948 2527 1114 2595 ἀνεικέναι
1122 2526 1261 2613 ἤκουον·

313 2625 353 2693 τά
365 2625 395 2694 δ’
411 2623 486 2695 ἀλλ’
499 2625 650 2712 ἀγώγιμα
662 2626 707 2706 ὡς
717 2626 803 2714 ῦμῦς
814 2628 1028 2710 ἀπέστελλον,
1052 2623 1113 2710 ἀφ’
1125 2617 1175 2693 τόν
1185 2652 1263 2711 κερ-

313 2728 426 2790 δανεῖν
442 2723 587 2808 ἤλπιζον.
621 2724 705 2797 ὥστε
720 2726 782 2811 την
792 2732 958 2811 μίσθωσιν
968 2733 1036 2792 των
1046 2730 1171 2793 πλοίων
1183 2723 1263 2794 ὅταν

313 2828 419 2911 λέγης,
431 2821 472 2890 οῦ
482 2830 542 2890 τοῦ
553 2826 693 2911 ῥαγῆναι
703 2822 765 2910 την
771 2832 860 2893 ναῦν
867 2824 1045 2909 τεκμήριον
1054 2826 1168 2908 λέγεις,
1179 2820 1262 2891 ἀλλά

311 2929 373 2988 τοῦ
384 2925 612 3007 συμφέροντος
622 2920 709 3009 ὑμῖν.

270 3033 303 3089 26
394 3021 477 3105 Περὶ
489 3021 550 3105 μέν
563 3014 627 3088 οὖν
637 3023 767 3099 τούτων
777 3022 876 3089 ίκαυά
886 3047 942 3107 μοι
953 3018 992 3088 τά
1003 3027 1172 3108 εἰρημένα·
1181 3024 1264 3106 ,περὶ

312 3121 347 3186 δὲ
365 3127 432 3186 τοῖν
449 3123 648 3205 δανειστῶν,
671 3120 732 3200 οῦς
750 3140 833 3207 φασι
851 3124 1136 3206 συγκεχωρηκέναι
1150 3128 1264 3208 λαβεῖν

311 3216 390 3299 παρ’
410 3214 527 3285 αὑτων
547 3217 626 3296 τοῦς
648 3224 693 3297 εἰς
706 3216 818 3290 Ῥόδον
838 3219 973 3309 τόκους,
995 3224 1062 3286 ἔστι
1082 3219 1145 3304 μὲν
1164 3216 1264 3287 οῦδὲν
1303 3242 1305 3246 ”

311 3312 394 3396 πρὸς
403 3313 487 3402 ἡμᾶς
497 3325 606 3385 τοῦτο.
640 3323 671 3384 εί
678 3315 742 3405 γάρ
755 3345 804 3397 τις
814 3318 894 3405 ὑμῖν
904 3315 1014 3404 ἀφῆκέ
1026 3344 1056 3384 τι
1067 3325 1134 3385 των
1146 3314 1262 3402 αὑτοῦ,
1272 3332 1324 3389 1291

312 3409 412 3479 οῦδὲν
422 3413 608 3508 ἀδικεῖταιὸ
621 3425 784 3497 πεισθείς·
807 3414 879 3486 ἀλλ’
892 3414 984 3502 ἡμεῖς
994 3414 1067 3484 οὔτ’
1079 3414 1264 3503 ἀφείκαμέν

311 3529 365 3578 σοι
381 3508 533 3580 οῦδὲν”
491 3541 568 3583 ουτε
579 3519 918 3605 συγκεχωρήκαμεν
887 3541 932 3583 τω
920 3524 1016 3606 πλῷ
1027 3542 1072 3603 τφ
1061 3522 1131 3594 ’ςεί
1136 3513 1262 3602 Ῥόδον,

312 3606 386 3677 οὐδ’
416 3612 549 3679 ἐστίν’
530 3628 611 3700 ημῖν
633 3614 733 3684 οῦδεν
753 3615 958 3701 κυριώτερον
977 3624 1035 3709 τῆς
1056 3623 1261 3701 συγγραφῆς.

268 3728 302 3784 27
310 3735 394 3797 αντη
406 3711 443 3778 δε
459 3736 490 3804 τι
485 3714 593 3798 ’λέγει
603 3718 658 3784 καλ
673 3729 733 3785 ποῖ
745 3716 940 3803 προστάττει
955 3714 1016 3785 τὸν
1032 3723 1141 3784 πλοῦν
1157 3728 1264 3784 ποιεῖ-
