3159 4409
519 466 995 529 ,πεοεΛαιιαΑΡαιε
1199 467 1242 532 47
1340 546 1342 550 .

285 631 397 720 λε’γειν
413 632 450 696 ἐν
471 626 567 714 ὑμῖν,
591 625 694 708 ἀξιοῦν
716 636 937 715 κληρονομεῖν
953 620 1055 695 ὦνού
1072 638 1241 716 προσῆκεν

286 726 395 817 αὐτῷ,
415 730 470 797 καί
483 726 567 814 ὑπὲρ
581 728 712 797 τούτων
723 731 832 812 ψευδῆ
848 731 1087 812 διαμαρτυρίαν
1101 725 1183 812 πρδς
1194 733 1240 818 τῷ

259 825 425 912 κάρχοντι
446 826 679 913 ποιησάμενος.
714 824 795 911 ἡμῖν
814 823 876 910 μὲν
895 823 968 910 γὰρ
983 822 1165 909 ἀναγκαῖον
1185 818 1238 910 ἦν,
1251 842 1315 899 1081
1365 906 1368 910 ,

287 933 349 992 τοῦ
365 926 475 1011 νόμου
490 923 550 1004 τοίς
565 923 751 1011 ἀγχιστείας
767 938 835 1002 τοῖς
845 924 1013 1008 ἐγγυτάτω
1026 927 1145 1010 γένους
1155 921 1241 992 ἀπο-

288 1025 455 1110 διδόντος,
469 1018 568 1092 σύσιν
579 1031 713 1103 οἰκείοις
723 1023 897 1110 Ἀρχιάδου
909 1033 971 1091 τοῦ
983 1029 1015 1104 ἐξ
1027 1022 1128 1111 ἀρχῆς
1140 1051 1241 1091 κατα-

286 1124 441 1202 λιπόντος
459 1123 519 1191 τδν
536 1130 679 1209 κλῆρον,
702 1122 783 1208 μήτε
801 1118 861 1190 τὸυ
877 1120 970 1189 οἰκον
991 1124 1241 1208 ἐξερημωθέντα

285 1220 349 1290 τὸν
361 1225 490 1290 ἐκείνου
500 1226 661 1305 περιιδεῖν
678 1222 760 1308 μήτε
779 1228 837 1307 τῆς
851 1219 965 1300 ούσίας
976 1225 1107 1307 ἑτέρους
1117 1231 1251 1307 κληρο-,

286 1320 506 1408 νομήσᾶντας,
520 1317 654 1401 οἷς,ούδ’
667 1319 784 1389 ὁτιοῦν
796 1320 969 1407 προσήκει·
992 1318 1105 1389 οὑτοσί
1117 1321 1152 1388 δὲ
1163 1319 1241 1387 οὔτε

286 1421 376 1503 γένει
386 1429 448 1486 τοῦ
458 1419 730 1506 τετελευτηκότος
741 1417 814 1497 υίὸς
825 1415 874 1486 ἀν
885 1417 953 1485 οὔτ’
966 1419 1168 1505 εἰσποιηθεὶς
1178 1446 1240 1486 κα-

285 1517 327 1584 τά
339 1516 419 1596 τούς
429 1517 564 1603 νόμους,
578 1515 622 1596 ὥς
632 1516 697 1602 ἐγύ
710 1521 815 1602 δείξω,
832 1519 1138 1604 διαμεμαρτύρηκεν
1151 1516 1239 1585 οὕτω

284 1615 327 1682 τά
339 1620 447 1700 ψευδῆ
458 1622 648 1701 προπετῶς,
667 1614 915 1701 ἀφαιρούμενος
932 1613 1026 1701 ἡμῶν
1041 1614 1104 1703 τὴν
1116 1625 1239 1703 κληρο-

255 1721 417 1798 3νομίαν.
442 1714 556 1797 δέομαι
569 1711 598 1777 δ’
612 1709 717 1798 ὑμῶν,
731 1705 759 1779 σί
770 1711 890 1797 ἀνδρες
901 1716 1058 1799 δικασταί,
1070 1721 1237 1802 βοηθῆσαι

283 1820 333 1903 τῷ
345 1837 381 1878 τε
391 1813 489 1893 πατρὶ
500 1810 605 1900 τούτῳ
617 1815 672 1879 καί
683 1814 762 1897 ἐμοί,
776 1810 836 1878 ἐὰν
847 1813 1038 1898 λέγωμεντά
1049 1817 1169 1900 δίκαια,
1182 1817 1237 1883 καί

284 1907 329 1997 μη
343 1913 504 1993 περιιδεῖν
520 1911 662 1994 πένητας
678 1906 882 1996 ἀνθρώπους
898 1914 954 1979 καί
970 1910 1124 1990 ἀσθενεῖς
1134 1939 1237 1980 κατα-

285 2005 619 2088 στασιασθένταςύπὸ
631 2009 840 2096 παρατάξεως
850 2007 978 2078 ἀδίκου.
999 2007 1091 2096 ἡμεῖς
1101 2011 1236 2096 μὲνγὰρ

284 2123 355 2185 ταῖς
366 2104 537 2191 ἀληθείαις
554 2107 763 2188 πιστεύοντες
781 2109 1058 2196 εἰσεληλύθαμεν,
1081 2114 1139 2179 καί.
1153 2109 1237 2195 ἀγα-

286 2213 429 2290 πῶντες,
451 2204 495 2272 ἀν
510 2202 659 2292 τιςὴμόις
674 2209 712 2296 ἑᾷ
728 2217 797 2276 τῶν
807 2209 920 2294 νόμων
930 2204 1119 2294 τυγχάνειν·
1143 2203 1237 2278 οὗτοι
1325 2263 1329 2273 .

286 2303 324 2372 δί
340 2311 380 2392 τῇ
398 2313 591 2393 παρασκευῇ
606 2307 660 2373 καί
677 2321 746 2385 τοῖς
764 2305 977 2393 ἀναλώμασιν
997 2309 1237 2393 ἰσχυριζόμενοι

239 2426 243 2443 ¹
287 2407 557 2488 διατετελέκασιν,
570 2403 828 2489 εἰκότως,οἰμαι·
851 2409 888 2473 ἐκ
899 2405 963 2489 γάρ
974 2415 1043 2471 τοῖν
1054 2405 1236 2488 ἀλλοτρίων

286 2506 409 2589 ῥᾳδίας
431 2500 685 2588 ἀναλίσκουσιν,
720 2500 803 2569 ὥστε
828 2504 882 2569 καί
912 2499 992 2580 τούς
1013 2512 1236 2586 συνεροῦντας

285 2599 372 2685 ὑπὲρ
390 2598 502 2668 αύτοίν
519 2602 574 2668 καί
594 2600 673 2680 τούς
693 2601 965 2687 μαρτυρήσοντας
978 2598 1019 2667 τά
1036 2606 1143 2687 ψευδῆ
1154 2610 1236 2670 πολ-

258 2698 368 2778 4λούς
383 2706 593 2784 πεπορίσθαι.
633 2699 706 2769 ὁδὲ
723 2701 830 2786 πατὴρ
849 2692 946 2778 οὗτος
966 2701 1143 2787 (εἰρήσεται
1158 2701 1235 2785 γάρ)

285 2799 355 2884 ἅμα
365 2805 423 2883 τῆς
435 2805 557 2880 πενίας,
570 2794 614 2876 ὡς
627 2797 719 2884 ὑμεῖς
730 2798 872 2878 ἅπαντες
883 2800 1025 2885 ἵστα-καὶ
1035 2807 1097 2868 τοῦ
1108 2799 1238 2894 ἰδιώτης

286 2895 375 2964 εἰναι
383 2896 531 2981 φανερὰς
542 2903 626 2983 ἔχων
637 2896 698 2976 τάς
709 2906 891 2984 μαρτυρίας
902 2896 1107 2984 ἀγωνίζεται·
1129 2903 1237 2966 διατε-

287 2996 411 3083 λεῖγάρ
424 3001 460 3063 ἐν
474 3005 626 3085 Πειραιεῖ
638 2999 827 3084 κηρύττων·
850 3006 949 3066 τοῦτο
967 2997 999 3066 δ’
1015 3001 1103 3066 ἐστίν
1121 2995 1162 3064 ού
1173 2995 1237 3081 μό·
1314 3008 1318 3019 “

287 3120 352 3162 νου
362 3093 502 3179 ἀπορίας
518 3095 733 3183 ἀνθρωπίνης
749 3097 945 3184 τεκμήριον,
964 3094 1047 3164 ἀλλά
1067 3096 1121 3162 καί
1135 3092 1236 3180 ἀσχο-

287 3201 360 3272 λίας
369 3202 429 3279 τῆς
440 3197 491 3261 ἐπί
504 3195 540 3262 τὸ
553 3194 862 3282 πραγματεύεσθαι·
879 3194 1006 3279 ἀνάγκη
1018 3189 1083 3278 γάρ
1093 3188 1236 3278 ἡμερεύ-

287 3317 338 3359 ειν
360 3297 395 3359 ε’ν
416 3301 457 3381 τῇ
478 3290 582 3383 ἀγορᾷ
606 3294 666 3363 τὸν
686 3303 851 3363 τοιοῦτον.
891 3291 913 3360 δι’
937 3297 989 3358 δεῖ
1008 3295 1236 3376 λογιζομένους

287 3393 509 3475 ἐνθυμεῖσθαι
526 3391 593 3476 ὅτι,
616 3391 705 3480 εἰμὴ
723 3401 769 3483 τῷ
786 3388 904 3479 δικαίῳ
921 3389 1149 3476 ἐπιστεύομεν,
1172 3388 1234 3458 οὐκ

287 3489 331 3557 ἀν
341 3485 410 3556 ποτ’
426 3490 624 3578 εἰσήλθομεν
635 3499 681 3572 εἰς
691 3491 786 3579 ὑμᾶς.

260 3612 285 3665 5·
370 3594 455 3676 Περί
471 3591 532 3676 μὲν
550 3585 614 3658 σύν
632 3591 880 3659 τῶντοιούτων
904 3591 959 3656 καί
983 3588 1158 3672 προϊόντος
1173 3591 1235 3651 τού
1243 3608 1311 3664 1082

285 3686 390 3773 λόγου
402 3693 606 3776 σαφέστερον
616 3688 818 3758 ἀκούσεσθε·
842 3685 925 3774 ὑπὲρ
937 3683 1037 3773 αὐτῆς
1048 3689 1084 3752 δὲ
1094 3692 1151 3768 τῆς
1162 3687 1232 3749 δια-
