3159 4409
312 495 373 559 198
502 562 506 570 .
530 498 596 556 nv.
616 494 1030 557 ΔΗΜΟΣΘΕΝΟῬΣ

312 662 445 742 τιμήσαι
455 656 511 722 καὶ
527 658 610 741 ἐμοῦ
620 662 846 739 συγχωρήσαι,
868 656 924 731 καὶ
935 653 1152 742 ’ὡμολόγησαν
1163 653 1258 725 αὐτοὶ
1270 677 1275 693 ·’

269 769 303 825 λῖ
313 759 524 822 συνεκτίσειν.
552 750 715 819 τοσούτου
726 749 767 836 δή
780 755 915 819 δέουσιν
924 756 1065 821 ἐκτίνειν
1075 751 1152 821 καθ’
1163 751 1259 838 ἀήμ-

312 851 492 938 μυήσαντο·
510 847 594 917 ὥστε
619 854 675 917 καὶ
704 856 772 916 τῶν
791 846 961 935 ὑμετέρων
981 848 1257 937 ἀμφισβητοῦσιν.

311 957 420 1018 καίτοι
435 955 469 1017 οἵ
481 975 519 1036 γε
537 949 634 1034 νόμοι
648 948 824 1016 κελεύουσι
839 946 901 1034 τήν
917 947 1035 1016 οὐσίαν
1053 947 1137 1016 εἶναι
1154 953 1303 1034 δημο-Ιῖ.Ι

223 1105 225 1109 .
313 1058 399 1132 σίαν,
415 1046 451 1127 δς
462 1044 504 1115 ἀν
515 1047 759 1133 ἐγγυησάμενός
776 1073 808 1113 τι
824 1053 892 1114 τῶν
905 1054 962 1132 τής
973 1045 1099 1125 πόλεως
1115 1044 1160 1133 μή
1172 1044 1258 1114 ἀπο-

313 1152 393 1236 διδῷ
403 1144 464 1231 τήν
473 1145 609 1231 ἐγγύην·
621 1154 623 1164 “
634 1144 715 1212 ὥστε
726 1148 780 1212 καὶ
796 1151 826 1212 εἰ
834 1146 963 1212 τούτων
979 1139 1256 1232 ήντάνδράποδα,

311 1253 477 1332 προσῆκεν
498 1241 582 1310 αὐτοὶ
604 1243 745 1329 δημόσια
766 1242 866 1326 εἶναι,
895 1253 985 1328 εῖπερ
1006 1251 1125 1310 τιτῶν
1146 1243 1260 1329 νόμων

268 1363 303 1417 28
312 1342 440 1430 ὄφελος.
462 1345 517 1410 καῖ
527 1345 607 1428 πρὶν
620 1342 681 1426 μὲν
691 1339 838 1426 ὀφείλειν
848 1349 894 1429 τῷ
907 1347 1052 1431 δημοσίῳ
1064 1339 1083 1411 ὁ
1096 1340 1259 1426 Ἀρεθού-

311 1461 382 1521 σιος
406 1441 602 1527 ὡμολογεῖτο
628 1447 697 1507 τῶν
723 1437 879 1526 ἀδελφοῖν
906 1439 1134 1524 εὐπορώτατος
1157 1439 1256 1508 εἶναι·

312 1539 422 1626 ἐπειδή
441 1539 473 1606 δ’
485 1545 519 1608 οί
534 1541 631 1626 νόμοι
647 1540 822 1607 κελεύουσι
837 1537 993 1607 τάκείνου
1010 1537 1151 1627 ὑμέτερα
1163 1537 1257 1623 εἶναι,

311 1647 490 1724 τηνικαῦτα
502 1642 601 1725 πένης
613 1634 660 1706 ἀν
673 1637 852 1728 φαίνεταεὸ
868 1637 1096 1725 Ἀρεθούσιος,
1117 1642 1175 1706 καλ
1190 1647 1259 1706 ταῖν

311 1734 407 1822 μὲνή
424 1737 529 1821 μήτηρ
541 1734 753 1822 ἀμφισβητεῖ,
773 1745 842 1803 τῶν
853 1734 886 1803 δ’
898 1742 933 1804 οἱ
947 1735 1093 1822 ἀδελφοί.
1127 1745 1214 1823 χρῆν
1224 1733 1255 1803 δ’

312 1832 450 1916 αὐτοὺς,
469 1843 559 1919 εῖπερ
580 1834 759 1921 ἐβούλοντο
772 1831 1259 1922 δικαίωςπροσφέρεσδαιπρὸς

312 1928 414 2017 ὑμᾶς,
436 1931 669 2010 ἀποδείξαντας
681 1932 814 1999 ἀπασαν
830 1931 892 2018 τήν
909 1933 1028 2000 οὐσίαν
1044 1933 1106 2019 τήν
1116 1936 1255 2018 ἐκείνου,

269 2028 491 2107 ορτοὶπούτοιν
502 2026 613 2097 αὐτοῖν
625 2040 712 2119 εἴτις
723 2029 923 2115 ἀπέγραφεν,
941 2029 1168 2117 ἀμφισβητεῖν.
1199 2028 1257 2120 ἐὰν

313 2120 377 2194 οὖν
392 2131 604 2214 ἐνθυμηθῆτε
619 2126 671 2196 ὅτι
688 2101 835 2195 οὐδέποτ’
853 2134 942 2195 ἔσται
964 2128 1085 2214 ἀπορία
1107 2137 1178 2195 τοῖν
1193 2127 1257 2213 ἀμ-

313 2227 586 2314 φισβητησόντων
603 2225 683 2312 ὑμῖν
694 2229 768 2311 περὶ
784 2235 853 2293 τοῖν
863 2221 1111 2311 ὑμετέρων-αἲ
1121 2225 1186 2313 γὰρ
1198 2223 1257 2309 ὄρ-

313 2324 442 2413 φανοδς
462 2321 485 2412 ή
507 2326 1031 2412 ἐπικλήρουςκατασκευάσαντες
1058 2322 1257 2402 ἀξιώσουσιν

313 2427 474 2492 ἐλεεῖσθαι
492 2422 547 2511 ὑφ’
561 2421 671 2511 ὑμῶν,
692 2421 828 2512 η”γήρας
844 2427 898 2493 καὶ
915 2422 1054 2509 ἀπορίας
1063 2424 1118 2490 καὶ
1129 2420 1258 2508 τροφὰς

312 2526 408 2609 μητρὶ
426 2527 590 2608 λέγοντες,
615 2527 669 2591 καὶ
686 2522 885 2610 ὀδυρόμενοι
902 2521 941 2590 δι’
959 2514 1008 2589 ὧν
1025 2521 1151 2608 μάλιστ’
1164 2525 1256 2588 ἐλπί-

313 2627 425 2702 ζουσιν
441 2623 653 2708 ἐξαπατήσειν
675 2620 776 2710 ὑμᾶς,
801 2623 1013 2708 πειράσονται
1032 2621 1257 2707 ἀποστερῆσαι

312 2718 375 2806 τήν
386 2721 484 2788 πόλιν
495 2731 555 2789 τοῦ
566 2722 765 2807 ὀφλήματος.
795 2720 855 2789 ἐὰν
872 2713 936 2788 οὖν
946 2724 1050 2787 ταῦτα
1061 2719 1257 2805 παριδόντες

314 2819 421 2887 πάυτα
432 2826 717 2907 καταψηφίσησθε,
732 2818 845 2904 ὀρθῶς
855 2821 1091 2905 βουλεύσεσθε.

746 3164 811 3218 LIV.

493 3313 615 3379 ΚΑΤΑ
642 3314 883 3382 ΚΟΝΩΝΟΣ
905 3317 1068 3384 ΑΙΚΙΑΣ.

638 3460 926 3542 ναοοαεεε.

309 3600 474 3730 ’ᾼρίστων
488 3622 645 3712 Ἀθηναῖος
668 3632 814 3713 δικάζεται
831 3633 950 3700 Κόνωνι
966 3639 1076 3713 αἰκίας,
1093 3635 1192 3716 λέγων
1206 3627 1256 3696 ἀπ’

313 3718 403 3774 αυτοῦ
415 3711 465 3772 καὶ
477 3720 528 3774 τοῦ
539 3712 643 3792 παιδὸς
654 3713 744 3782 αὐτοῦ
754 3725 959 3800 τετυπτήσθαι,
970 3721 1019 3781 καὶ
1030 3717 1179 3801 μάρτυρας
1189 3713 1257 3780 τοά·
