3159 4409
602 475 890 554 ααεΣνοΛιι
911 499 946 555 ιι
1004 477 1008 493 ’
1192 496 1255 562 εει

256 672 291 728 18
301 654 357 741 ἐμὲ
368 652 552 721 ἀπώλλυεν.
574 614 642 720 ἐπεὶ
653 648 704 721 ὅτι
713 676 752 738 γε
761 649 843 740 ύμῖν
852 666 1027 739 προσεῖχον
1036 653 1097 723 τὸν
1106 663 1190 725 νοῦν
1198 660 1255 727 καλ

302 751 435 822 οὐδέσιν
446 751 573 839 ἀλλοις,
586 750 693 820 πολλά
704 744 747 819 ἀν
756 755 857 820 δδοιτε
868 765 993 839 σημεῖα.
1015 761 1063 832 είς
1071 779 1106 821 τε
1117 753 1181 838 γάρ
1190 756 1253 824 πύ-

298 859 356 945 λιν
372 843 497 938 ἦλθον,
519 848 581 918 ούκ
598 853 636 918 ἐν
651 842 675 939 η’
689 854 825 936 μέγιστοι
842 851 978 937 πράξειν
994 850 1095 932 αύτός
1105 857 1251 940 ἔμελλον,

299 945 374 1017 ἀλλ’
395 953 440 1027 εἰς
456 945 500 1034 ἣν
509 950 563 1016 καὶ
575 945 654 1027 τούς
664 949 853 1034 προγόνους
861 948 1023 1030 ἐλθόντας
1032 947 1143 1039 ᾔδειν,
1165 947 1251 1020 ὅτεὸ

300 1045 385 1133 πρὸς
395 1046 454 1117 τάν
465 1050 600 1134 Πέρσην
610 1048 860 1136 κατελάμβανεν
870 1047 993 1129 αύτούς
1002 1053 1175 1136 κίνδυνος,
1197 1053 1252 1120 καλ

299 1143 378 1231 παρ’
391 1136 415 1233 ᾖ
425 1153 581 1232 πλείστην
591 1143 727 1213 εὔνοιαν
734 1143 953 1233 ὑπάρχουσαν
963 1144 1044 1233 ὑμῖν
1054 1146 1250 1234 ἠπιστάμην.
1280 1195 1288 1202 ε

257 1259 291 1313 19
299 1249 367 1311 ἔστι
378 1241 407 1311 δ
413 1240 434 1330 ἡ
445 1249 646 1330 Τροιζηνίων
655 1236 777 1332 αὕτηῇ
782 1245 926 1332 μάλιστα
933 1247 996 1333 μὲν
1006 1251 1040 1315 οί
1047 1249 1121 1315 θεοὶ
1129 1249 1185 1316 καὶ
1193 1255 1252 1333 τῆς

300 1340 479 1430 πρδςύμᾶς
488 1342 620 1423 εύνοίας
629 1344 726 1412 ἕνεκα
736 1347 791 1412 καὶ
801 1352 861 1431 τῆς
871 1352 917 1425 είς
926 1346 981 1433 ἐμὲ
993 1346 1181 1432 εὐεργεσίας
1193 1339 1252 1413 εύ-
1260 1361 1328 1418 1472

299 1468 353 1509 νοι
366 1442 487 1522 πάντες
497 1452 629 1529 είησαν,
650 1440 719 1511 εἶτα
729 1441 824 1528 κάγοδ
833 1445 955 1522 σωθείς
965 1441 1026 1529 ὑφ’
1039 1442 1136 1530 ύμολν
1147 1449 1252 1532 δυνη-

299 1545 399 1624 θείην
409 1536 594 1609 ἀποδοῦναι
604 1540 746 1628 χάριτας.
781 1545 820 1608 ἕν
828 1566 863 1610 τε
873 1542 978 1629 ταύτῃ
987 1549 1106 1630 τινῶν,
1125 1540 1169 1623 ἀς
1179 1546 1251 1629 ἐμοὶ

298 1638 536 1723 χαριζομένων,
559 1641 710 1724 ἐπιτιμᾶν
730 1635 812 1724 ὑμῖν
832 1665 863 1706 τι
885 1643 1099 1726 πειρωμένων
1119 1648 1159 1728 τῇ
1176 1639 1251 1709 κατ’

298 1735 354 1821 ἐμὲ
364 1732 493 1824 ἀγνοίην,
506 1734 570 1821 ἐγω
581 1744 693 1803 πᾶσαν
703 1733 881 1825 εὐφημίαν,
893 1735 1004 1825 οἵσπερ
1014 1741 1085 1825 ἐμοὶ
1092 1747 1250 1827 προσῆκε,

240 1862 243 1870 ’
299 1831 516 1920 παρειχόμην·
536 1836 570 1914 ἐξ
580 1826 630 1902 οἷν
641 1837 696 1903 καὶ
706 1833 835 1921 μάλιστ’
846 1833 890 1905 ἀν
900 1842 1019 1923 νομίζω
1030 1838 1156 1918 πάντας
1167 1836 1252 1924 ἀγα-

248 1935 443 2025 Ιχοσίλέντας
451 1956 518 2018 μου
527 1935 666 2022 δημοσία
676 1942 818 2022 τιμῆσαι.
835 1933 969 2020 δρολνδὲ
977 1937 1038 2024 την
1045 1940 1107 2024 μὲν
1116 1935 1252 2007 εύνοιαν
1309 1970 1314 1985 ·

296 2037 364 2097 τοῖν
375 2028 509 2116 ἀνδροῖν
519 2033 677 2120 μεγάλην,
688 2032 750 2120 τὴν
762 2035 798 2104 δὲ
809 2041 857 2116 είς
865 2033 903 2104 τὸ
914 2035 1025 2124 παρὸν
1036 2040 1180 2124 δύναμιν
1190 2066 1252 2107 κα·

296 2131 526 2216 ταδεεστέραν,
549 2131 720 2216 μετελθὼν
735 2140 782 2214 είς
797 2133 833 2203 τό
850 2144 912 2203 τού
926 2141 1137 2217 Ποσειδῶνος
1159 2136 1252 2219 ίερὸν

296 2231 334 2295 ἐν
340 2233 533 2315 Καλαυρείᾳ
543 2229 703 2316 κάθημαι,
714 2229 755 2299 ού
767 2234 873 2317 μόνον
883 2242 941 2319 τῆς
951 2232 1132 2319 ἀσφαλείας
1142 2234 1251 2321 ἓνεκα,

296 2324 341 2413 ἣν
358 2323 413 2393 διὰ
427 2324 490 2393 τὸν
504 2323 589 2395 θεὸν
606 2330 722 2408 ἐλπίζω
739 2354 796 2413 μοι
805 2322 967 2415 ὑπάρχειν
983 2328 1039 2414 (ού
1050 2329 1114 2415 γάρ
1126 2325 1166 2398 εὖ
1177 2330 1251 2399 οἶδά

297 2450 349 2512 γε·
372 2421 394 2493 ἀ
410 2423 476 2511 γὰρ
495 2423 549 2511 ἐφ’
568 2428 689 2512 ἑτέροις
705 2426 795 2495 ἐστὶν
813 2422 857 2504 ὡς
868 2421 910 2493 ἀν
920 2426 1108 2514 βούλωνται
1119 2432 1250 2515 πρᾶξαι,

297 2521 421 2611 λεπτὴν
437 2524 492 2594 καί
512 2521 637 2610 ἀδηλον
655 2529 718 2611 ἔχει
733 2531 783 2616 τμ·
803 2525 1034 2596 κινδυνεύοντι
1058 2524 1120 2612 τὴν
1140 2523 1251 2613 ἀσφά-

298 2632 424 2711 λειαν),
446 2620 520 2692 ἀλλ’
541 2621 593 2692 ὅτι
611 2625 666 2710 καὶ
688 2619 750 2711 τὴν
770 2629 912 2710 πατρίδα
932 2627 1091 2699 ἐντεῦθεν
1114 2624 1252 2713 ἑκάστης

297 2721 421 2810 ἡμέρας
431 2720 566 2811 ἀφορῶ,
587 2729 634 2803 είς
649 2719 693 2810 ἢν
702 2723 869 2811 τοσαύτην
879 2721 1016 2792 εύνοιαν
1025 2727 1156 2815 ἐμαυτῷ
1167 2723 1251 2792 σύν-

299 2825 374 2889 οιδα
393 2820 474 2908 ὅσης
492 2820 574 2911 παρ’
585 2819 682 2908 ύμύν
694 2820 830 2909 εύχομαι
839 2837 957 2909 τυχεῖν.

255 2940 289 2993 21
375 2918 484 3010 Ὅπως
496 2910 570 3007 ούν,
583 2913 740 3008 ἀάνδρες
748 2917 928 3009 Ἀθηναῖοι,
940 2924 1054 3009 μηκέτι
1062 2927 1163 2989 πλείω
1170 2919 1250 3007 χρό-

299 3044 362 3087 νον
379 3031 448 3097 τολς
464 3026 609 3104 παροῦσι
626 3033 739 3100 κακοῖς
755 3021 958 3108 συνέχωμαι,
981 3023 1177 3108 ψηφίσασθὲ
1195 3045 1250 3106 μοι

298 3123 403 3185 ταῦτα
419 3113 442 3184 ἀ
458 3119 513 3185 καὶ
531 3116 736 3197 ἀλλοιςτισδν
744 3118 825 3208 ἤδη,
848 3125 904 3189 ἵνα
913 3121 995 3208 μήτε
1006 3118 1143 3201 ἀνάξιον
1152 3117 1249 3206 ύμοῖν

299 3219 403 3304 μηδέν
420 3242 476 3302 μοι
488 3222 615 3304 συμβῇ,
638 3217 717 3305 μήτε
731 3222 838 3306 ἱκέτης
849 3220 969 3304 ἑτέρων
979 3215 1184 3303 ἀναγκασθῶ
1193 3243 1249 3303 γε·

299 3319 434 3385 νέσθαι·
458 3312 937 3402 οὐδὲγάρύμιντοῦτογίνοιύ
951 3312 1117 3384 ἀνκαλόν.
1140 3319 1254 3386 ἐπελεῖ

298 3416 338 3499 γέ
349 3441 405 3502 μοι
415 3413 455 3483 τά
469 3412 553 3501 πρὸς
564 3412 648 3501 ὑμᾶς
658 3414 859 3485 ἀδιάλλακτα
870 3413 1026 3501 ὑπάρχει,
1037 3413 1197 3486 τεθνάναι
1207 3442 1249 3503 με

253 3537 289 3591 22
298 3528 448 3597 κρεῖττον
458 3507 510 3602 ἦν.
544 3515 676 3595 εἰκότως
688 3514 718 3583 δ’
733 3513 777 3592 ἀν
789 3539 846 3602 μοι
857 3514 1042 3582 πιστεύοιτε
1050 3512 1176 3601 ταύτην
1185 3512 1247 3599 τὴν

298 3614 450 3682 διάνοιαν
466 3619 552 3700 ἔχειν
568 3614 683 3702 καὶμὴ
705 3622 771 3682 νύν
791 3612 900 3701 μάτην
921 3611 1170 3698 θρασύνεσθαι·
1192 3613 1248 3678 καὶ

295 3710 360 3801 γάρ
371 3714 517 3800 ἐμαυτού
526 3719 662 3802 κυρίους
673 3711 759 3799 ὑμᾶς
770 3715 905 3799 ἐποίησα
915 3713 970 3781 καὶ
980 3708 1042 3781 ούκ
1050 3716 1179 3798 ἔφυγον
1187 3705 1247 3777 τὸν
