3159 4409
316 575 321 584 ⁴
431 503 570 565 τινα
602 477 914 585 οεοκεινον.
1089 500 1150 566 271

228 661 278 732 λλ’
296 667 434 743 ἔνδειξιν
450 662 579 732 κελεύει
595 664 650 732 καὶ
666 659 768 742 άλλας
782 668 938 750 τιμωρίας
953 662 1028 731 κατ’
1046 660 1152 733 αὐτοῦ

228 761 294 829 ναι.
329 758 412 840 ἀλλά
430 758 474 828 σύ
492 767 525 828 τί
539 761 704 839 διδάσκεις
719 787 760 847 με
777 761 904 841 πάντας
919 759 997 841 τούς
1008 762 1151 847 τρόπους

228 858 250 938 ἴς
267 865 321 928 δεί
333 886 373 947 με
390 860 643 947 τιμωρήσασθαι
661 858 907 947 τοδςέχθροός,
930 857 1004 928 ἀλλ’
1017 859 1149 928 οόκαδ’

228 959 467 1046 νείσελήλυθα,
479 965 600 1028 τοῦτον
611 956 781 1044 ἀπολογείς
963 1036 967 1044 .

286 1064 479 1145 Μοιροκλῆς
495 1065 627 1142 τοίνυν,
650 1049 808 1140 ἀάνδρες
817 1059 983 1142 δικασταί,
1005 1054 1073 1126 ότό
1085 1055 1151 1144 ψή-
1160 1075 1227 1129 1339

229 1175 309 1242 ισμα
329 1156 460 1242 γράψας
475 1157 557 1225 κατά
575 1156 736 1236 τοῖντούς
753 1155 919 1242 ἐμπόρους
930 1155 1149 1243 ἀδικούντων,

228 1258 255 1325 αλ
276 1263 385 1336 πείσας
401 1255 442 1325 ού
460 1256 568 1343 μόνον
582 1253 683 1342 ὑμᾶς,
708 1253 791 1325 ἀλλά
804 1257 858 1324 καί
869 1252 948 1335 τούς
959 1255 1151 1342 συμμάχους

229 1357 355 1442 υλακήν
372 1383 447 1424 τινα
463 1365 532 1425 τοῖν
547 1356 828 1442 κακουργούντων
844 1355 1065 1440 ποιήσασθαι,
1088 1352 1150 1422 ούκ

228 1459 401 1539 ίσχννείται
419 1453 536 1524 αὐτίκα
546 1456 635 1541 μάλα
644 1457 752 1539 λέγων
761 1452 846 1540 ὑπὲρ
859 1458 1043 1536 Θεοκρίνου
1052 1457 1150 1521 ἐναν-

228 1560 337 1632 Γατοϊς
354 1556 474 1622 ἑαυτοῦ
492 1561 718 1640 ψηφίσμασιν,
741 1549 825 1621 ἀλλά
848 1545 1004 1639 τολμήσει
1019 1560 1150 1619 πείθειν

228 1657 287 1735 μᾶς
306 1649 349 1730 ὡς
364 1650 426 1738 χρή
437 1653 497 1720 τόν
507 1651 594 1719 ούτω
606 1657 758 1737 φανεραῖς
768 1655 1020 1739 ἐξεληλεγμένον
1033 1650 1150 1738 φάσεις
1242 1666 1244 1671 ’

228 1749 404 1834 οιούμενον
420 1748 556 1830 ἀδίκους
572 1749 656 1818 κατά
672 1758 739 1847 των
761 1750 917 1837 ἐμπόρων
938 1749 1072 1838 ἀφεῖναι
1093 1752 1148 1819 καὶ

228 1844 245 1933 ή
258 1848 524 1935 τιμωρήσασθαι,
536 1847 648 1934 οἵσπερ
658 1850 756 1918 ἕνεκα
764 1850 888 1920 τούτου
897 1849 1026 1937 γράψας
1036 1860 1148 1919 καθα-

228 1942 265 2012 ιὶν
283 1943 367 2013 εἶναι
382 1945 443 2034 τήν
459 1947 645 2034 θάλατταν,
666 1952 722 2017 ἵνα
733 1952 897 2030 σωθέντες
908 1954 942 2018 οί
949 1952 1103 2030 πλέοντες
1112 1953 1147 2017 ἐκ

228 2050 259 2110 νύ
276 2043 439 2130 πελάγους
458 2047 496 2113 ἐν
511 2053 557 2136 τῷ
569 2052 675 2133 λιμένι
685 2047 834 2136 χρήματα
843 2049 973 2128 τούτοις
982 2046 1148 2117 ἀποτίνω-

228 2168 269 2226 ν,
291 2137 313 2228 ή
331 2146 489 2229 διαφέρον
504 2171 536 2212 τι
551 2161 619 2226 τοῖς
635 2148 808 2234 ἐμπόροις,
830 2143 875 2214 ἀν
884 2144 1013 2233 μακρόν
1024 2150 1149 2232 διαφυ-

228 2242 313 2319 ίντες
329 2250 436 2309 πλοῦν
443 2250 604 2332 Θεοκρίνη
616 2249 853 2328 περιπέσωσιν.Ι
866 2243 930 2329 ἐγώ
943 2245 970 2311 δ
982 2243 1071 2330 οἶμαι
1080 2250 1148 2310 τῶν

228 2343 259 2408 ἐν
268 2342 350 2408 κατά
362 2349 470 2410 πλοῦν
479 2346 685 2428 γιγνομένων
694 2339 754 2428 οὐχ
764 2341 861 2428 ὑμᾶς,
869 2339 952 2409 ἀλλὰ
961 2338 1040 2419 τούς
1048 2361 1149 2423 στρα-

228 2437 317 2526 ηγούς
334 2442 388 2506 καί
406 2437 484 2518 τούς
495 2442 546 2508 ἐπὶ
557 2455 625 2519 τοῖς
633 2456 771 2526 μακροῖς
782 2445 907 2518 πλοίοις
918 2445 1043 2517 αίτίονς
1054 2437 1163 2521 εἶναι,Ι

228 2545 264 2605 δν
282 2535 312 2603 δ’
330 2542 367 2606 ἐν
381 2545 427 2626 τῷ
437 2546 589 2623 Πειραιεῖ
601 2540 656 2607 καὶ
673 2537 756 2625 πρός
772 2553 842 2618 ταῖς
858 2536 970 2625 ἀρχαῖς
991 2535 1090 2624 ὑμεῖς,
1115 2545 1149 2606 ολ

228 2636 327 2706 ιύτων
337 2640 445 2724 κύριοι
456 2637 615 2708 ἁπάντων
626 2640 705 2711 ἐστέ.
736 2639 791 2706 ’διό
806 2640 861 2706 καί
870 2636 1077 2723 μάλλόνέστι
1088 2663 1148 2722 τη-
1226 2630 1231 2637 ’

228 2742 314 2821 μέον
331 2738 408 2818 τούς
423 2740 547 2808 ἐνθάδε
563 2744 829 2827 παραβαίνοντας
844 2735 923 2817 τούς
939 2736 1064 2823 νόμους
1079 2743 1146 2803 τόν

229 2860 256 2901 ω
274 2852 341 2916 τοῖς
357 2847 565 2926 ψηφίσμασιν
581 2835 643 2906 ούκ
654 2837 881 2924 ἐμμενόντων,
904 2841 959 2904 ἵνα
971 2834 1015 2922 μή
1026 2839 1146 2919 ’δοκῆτε

228 2931 292 3001 ’πολ
308 2937 419 3019 πράως
435 2941 485 3006 ἐπὶ
502 2951 570 3016 τοῖς
585 2940 794 3024 γιγνόμένοις
805 2939 919 3021 φέρειν
928 2937 984 3004 καὶ
996 2936 1146 3003 συνειδέ-

228 3057 253 3098 ιι
268 3031 397 3110 τούτοις
415 3026 463 3101 οἷν
480 3033 690 3118 πράττουσιν.
724 3034 766 3104 ού
782 3032 847 3121 γάρ
866 3035 973 3121 δήπου
990 3040 1146 3120 Μηλίους

228 3157 271 3215 εν,
296 3122 323 3196 ἀ
340 3132 558 3217 Μοιρόκλεις,
579 3132 662 3202 κατά
682 3131 719 3202 τό
733 3134 795 3203 σόν
815 3135 968 3222 ψήφισμα
986 3135 1065 3201 δέκα
1083 3133 1145 3200 τά·

228 3253 296 3294 εντα
313 3235 379 3295 νόν
393 3231 625 3318 εἰσπράξομεν,
648 3231 698 3301 ότι
709 3232 788 3313 τούς
799 3231 920 3321 ληστάς
932 3228 1140 3317 ὑπεδέξαντο,

231 3329 324 3393 ντονὶ
339 3325 369 3394 δ’
384 3325 576 3417 ἀφήσομεν,
598 3328 635 3411 ὃς
644 3334 698 3402 καὶ
709 3332 745 3400 τό
758 3331 820 3400 σόν
831 3332 985 3418 ψήφισμα
996 3335 1052 3400 καλ
1062 3330 1142 3412 τούς

228 3422 330 3511 ἷμους,
345 3425 389 3492 δι’
401 3423 627 3516 ούςοίκοῦμεν
638 3429 699 3518 τήν
709 3432 826 3516 πόλιν,
838 3433 1062 3518 παραβέβηκε·
1084 3436 1140 3501 καί
1254 3486 1262 3502 ι

228 3519 268 3602 ύς
279 3525 339 3609 μέν
348 3525 406 3605 τάς
417 3526 540 3614 νήσους
550 3535 725 3607 οίκούντας
735 3529 928 3616 κωλύσομεν
939 3525 1075 3618 ἀδικεῖν,
1087 3530 1135 3617 ἐφ’

228 3621 250 3701 ἲς
270 3625 413 3711 τριήρεις
434 3631 485 3694 δεῖ
504 3629 742 3714 πληρώσαντας
764 3625 950 3713 ἀναγκάσαι
971 3627 1011 3698 τά
1028 3635 1139 3698 δίκαια

228 3735 314 3804 κεῖν,
336 3720 422 3808 ὑμᾶς
439 3724 474 3791 δὲ
490 3727 569 3805 τούς
579 3723 734 3813 μιαρούς,
757 3721 1139 3813 οίςαύτούδείκαδημέ-
