3159 4409
515 513 657 574 KATA
690 481 1005 583 οσοιιειαοο.
1174 514 1238 579 σοι)

288 674 379 765 αύτῷ
394 672 573 759 παράνομα
589 654 741 756 γράφειν.
773 673 836 739 εἰσὶ
853 676 891 740 δέ
906 680 945 758 γε
956 677 1058 744 δεινοὶ
1067 680 1122 744 καὶ
1134 669 1237 763 οὗτοι,

287 777 343 843 καὶ
354 770 564 839 πιστεύονται
573 774 699 855 μάλλον
709 767 890 856 παρ’ὑμῑν.
924 770 1053 840 άλλόύ
1062 775 1237 861 ποιήσουσι
1262 766 1266 778 ’

287 879 397 940 τοῦτο.
431 870 485 937 διά
501 875 548 949 τί;
573 866 626 936 ὅτι
642 871 724 954 φασὶ
740 878 895 955 πολεμεῖν
909 869 1066 959 ’άλλήλοις
1081 871 1124 941 ού
1139 883 1239 940 πολε-

287 977 438 1056 μοῦντες.

245 1105 279 1158 45
363 1069 455 1155 ’Περὶ
470 1066 532 1153 μὲν
550 1058 614 1133 ούν
629 1074 687 1154 τῆς
703 1065 832 1134 τούτων
849 1066 1079 1155 ἔχθραςλὺμεῑς
1090 1065 1241 1155 άνάκρν

278 1173 445 1258 ,βέστερον
466 1169 537 1254 ε’μοί
560 1168 760 1246 διεξέλθοιτε
779 1161 802 1250 ἢ
822 1163 886 1250 ἐγώ
905 1164 993 1252 ὑμῖν.
1026 1164 1130 1253 ἡδέως
1147 1165 1180 1234 δ’
1198 1164 1241 1235 άν

288 1272 423 1356 ἐροίμην
430 1271 615 1350 Θεοκρίνην
624 1267 775 1332 ἐναντίον
785 1261 891 1349 ὑμῶν,
903 1274 935 1332 εί
941 1291 997 1350 μοι
1011 1271 1146 1351 ἔμελλεν
1155 1265 1241 1334 ἄπο-

287 1375 474 1453 κρινεῑσθαι
485 1369 634 1449 δικαίως,
646 1371 680 1431 τί
687 1361 762 1430 ποτ’
778 1359 822 1429 άν
833 1365 1002 1449 ἐποίησεν,
1015 1365 1126 1450 ἐπειδή
1138 1385 1240 1451 φησιν

287 1468 339 1534 ἐπὶ
355 1474 401 1553 τῷ
419 1465 561 1533 κωλύειν
577 1463 735 1548 τετάχθαι
750 1462 828 1539 τοὺς
844 1462 1021 1547 παράνομοι
1037 1462 1238 1548 γράφοντας,

287 1575 374 1642 είτις
391 1568 426 1631 ἐν
445 1570 491 1653 τῷ
510 1562 602 1651 δήμφ
621 1563 804 1645 διαλεχθείς
820 1557 1006 1638 άπασίτοῐς
1022 1567 1167 1639 πολίταις
1183 1564 1237 1630 καὶ
1248 1571 1314 1627 1337

252 1745 255 1751 ¹
286 1669 401 1739 πείσας
418 1666 561 1745 ἔγραψεν
578 1662 696 1739 ἐξεῖναι
712 1673 780 1737 τοῖς
790 1655 917 1744 άτίμοις
927 1661 1058 1738 καὶτοῖς
1068 1657 1239 1746 ὀφείλουσι

287 1767 334 1849 τῷ
349 1764 495 1849 δημοσίῳ
507 1758 714 1844 γράφεσθαι,
733 1764 881 1842 φαίνειν,
898 1758 1117 1843 ἐνδεικνύειν,
1128 1757 1240 1839 άπλεδς

243 1885 277 1940 ης
288 1873 397 1926 ποιεῖν
414 1856 538 1941 ὅσαπερ
556 1864 622 1924 νῦν
638 1854 656 1926 ὁ
669 1857 771 1943 νόμος
786 1856 909 1925 κωλύει
920 1857 1085 1944 πράττειν,
1097 1859 1240 1945 πότερον

288 1954 448 2042 ἐγράψατ’
467 1951 512 2022 άν
527 1956 733 2043 παρανόμων
748 1955 810 2024 τὸν
824 1953 918 2023 ταῦτ’
939 1958 1073 2025 εἰπόντα
1090 1955 1112 2043 ἢ
1129 1956 1187 2043 ού,
1210 1965 1241 2026 εί
1280 1986 1286 1997 ·

287 2053 429 2142 μὲνγὰρ
447 2052 492 2141 μὴ
513 2054 613 2142 φήσει
630 2051 675 2123 ’άν
683 2055 899 2142 γράψασθαι,
917 2064 988 2136 πῶς
996 2055 1058 2144 χρὴ
1070 2058 1239 2126 πιστεύειν

287 2153 377 2242 αύτῷ
387 2157 517 2244 λέγοντι
529 2151 573 2233 ὡς
585 2155 743 2240 φυλάττει
753 2153 1020 2240 τούς-παράνομα
1031 2155 1239 2240 γράφοντας;

287 2254 317 2316 εί
332 2249 364 2316 δ’
387 2249 546 2337 ἐγράψατ’
565 2248 624 2338 άν,
650 2258 720 2330 τοῖς
745 2249 786 2318 ού
808 2252 922 2319 δεινόν
940 2253 1030 2319 ἐστιν
1047 2252 1161 2339 ἑτέρον
1176 2254 1237 2335 μὲν

284 2349 476 2433 γράψαντος
492 2350 636 2416 κωλύειν
654 2352 747 2427 τέλος
766 2354 854 2433 ἔχειν
871 2348 908 2415 τό
928 2351 1099 2434 ψήφισμα,
1122 2352 1178 2414 ἵνα
1193 2345 1237 2431 μὴ

287 2451 407 2529 πάντες
417 2457 516 2516 τοῦτο
528 2454 665 2531 ποιῶσι,
683 2449 737 2513 καί
748 2443 884 2530 γραφὴν
895 2441 1120 2534 ἀπενεγκόντα
1133 2470 1240 2530 παρα-

285 2547 503 2634 γραψάμενον
521 2553 638 2632 σαφοδς
654 2543 732 2624 τούς
749 2543 874 2630 νόμους
891 2544 1034 2612 κωλύειν
1044 2541 1080 2612 τό
1094 2553 1239 2631 πρᾶγμα,

244 2673 277 2733 47
287 2650 365 2716 νυνί
381 2646 412 2714 δ’
434 2645 538 2716 αὐτόν
554 2653 690 2732 τοῦτον,
712 2643 793 2731 μήτε
804 2650 963 2712 πείσαντα
972 2640 1033 2710 τὸν
1044 2646 1150 2729 δῆμον
1163 2645 1239 2730 μήτ’

288 2745 467 2827 ελςκοινόν
480 2744 946 2832 Ικαταστήσαντατότιράγμα,
970 2742 1162 2829 γράφεσθαι
1173 2751 1241 2810 τῶν

286 2846 402 2931 νόμων
419 2843 815 2938 αύτῷάπαγορενόντωνς
832 2844 894 2912 ’καὶ
908 2843 999 2910 δεινά
1013 2842 1112 2930 φήσει
1123 2839 1241 2909 αὐτίκα

287 2945 329 3031 δὴ
343 2945 431 3031 μάλα
444 2947 599 3032 πάσχειν,
612 2942 695 3030 εἰμὴ
707 2943 801 3010 ταῦτ’
812 2946 938 3023 ἐξέσται
949 2941 1039 3030 αύτῷ
1050 2955 1174 3025 ποιεῖν,
1187 2941 1242 3007 καί

288 3046 420 3124 διέξεισι
437 3045 494 3123 τάς
511 3048 632 3113 ἐκτῶν
642 3044 756 3129 νόμων
768 3049 895 3130 ζημίας,
919 3037 969 3121 οἷς
981 3047 1093 3127 ἔνοχος
1103 3035 1243 3125 ἐάνάλςδ

287 3144 477 3231 γενήσεται·
500 3153 569 3211 τῶν
587 3143 622 3212 δὲ
633 3143 746 3229 νόμων
757 3141 801 3230 μὴ
815 3149 1017 3229 φροντίζειν,
1040 3138 1114 3208 ἀλλ’
1126 3138 1243 3218 α’ξιοῦν
1356 3218 1360 3227 ⁸

289 3240 382 3332 αύτῷ
398 3244 600 3329 τηλικαύτην
617 3241 746 3329 δωρεάν
757 3245 918 3311 δεδόσθαι
929 3239 1008 3328 παρ’
1022 3237 1134 3326 ὑμῶν,
1158 3237 1242 3325 όσην

290 3339 365 3409 οὐδ’
377 3349 507 3428 αἰτῆσαι
518 3342 716 3430 τετόλμηκεν
727 3341 853 3422 ούδείς;

245 3463 281 3518 48
366 3438 436 3510 ’Ότι
447 3440 508 3528 μὲν
519 3434 667 3527 ούνπερί
678 3451 736 3529 τῆς
747 3446 914 3520 ἐνδείξεως
924 3437 1026 3506 οὐδὲν
1035 3439 1098 3518 ἕξει
1112 3441 1241 3507 δίκαιον

290 3543 398 3625 λέγειν
408 3539 485 3608 ούτε
496 3547 676 3627 Θεοκρίνης
688 3539 764 3608 ούτε
774 3548 842 3606 τῶν
853 3535 936 3622 ὑπὲρ
944 3537 1067 3604 τούτου
1075 3538 1240 3625 λεγόντων

290 3637 415 3723 οὐδεὶς,
439 3638 558 3724 σχεδόν
577 3642 699 3707 εἰδέναι
709 3639 835 3717 πάντας
847 3634 935 3723 ὑμᾶς
945 3643 1073 3724 νομίζω.
1107 3637 1196 3724 οἶμαι
1208 3632 1238 3702 δ’

291 3733 414 3814 αύτούς
426 3737 642 3824 ἐπιχειρήσειν
652 3740 762 3823 λέγειν
773 3735 818 3816 οἱς
829 3735 909 3805 οὐδὲ
920 3743 1009 3806 ἔστιν
1021 3733 1242 3816 ἔνδειξιςτού-
