3159 4409
517 493 583 552 uv,
619 488 1035 550 ΔΗΜΟΣΘΕΝΟΤΣ

306 864 397 936 τείν,
417 856 449 919 εί
461 846 550 919 ταῦτ’
564 847 675 934 ἀληθῆ
691 845 779 925 δόξει
794 844 917 912 Κάνου
926 842 1040 912 ούτοσί
1056 845 1167 929 λέγειν
1177 845 1253 927 περὶ

305 946 419 1035 ἡμῶν,
440 951 497 1018 καὶ
510 948 654 1032 τοσαύτη
670 972 719 1024 τις
735 944 855 1029 ἄγνοια
871 941 946 1027 παρ’
958 940 1039 1028 ύμῖν
1055 945 1148 1010 ἐστιν
1158 940 1252 1029 ὅσθ’,

306 1044 420 1126 ὁκοῖος
434 1046 479 1115 ἀν
494 1073 544 1126 τις
554 1048 690 1123 ἕκαστος
701 1043 786 1112 εἶναι
801 1050 851 1128 φῇ
860 1037 883 1127 ἢ
893 1039 912 1108 ὁ
929 1048 1070 1127 πλησίον
1079 1038 1188 1108 αύτδν
1200 1046 1253 1108 at-
1260 1063 1307 1119 m

306 1143 472 1231 τιάσηται,
488 1150 637 1222 τοιούτος
646 1142 901 1228 νομισθήσεται,
922 1147 984 1208 τοῦ
993 1135 1114 1207 δὲκαθ’
1125 1137 1254 1226 ἡμέραν

306 1250 383 1332 βίου
401 1244 456 1312 καί
474 1250 543 1311 τάν
561 1241 828 1328 ἐπιτηδευμάτων
845 1237 923 1325 μηδ’
944 1237 1061 1308 ὁτιοῦν
1077 1244 1169 1306 ἔσται
1186 1252 1254 1317 τοῖς

267 1369 300 1425 16
308 1347 450 1432 μετρίοις
468 1338 597 1427 ὄφελος.
629 1339 722 1427 ἡμεῖς
737 1340 802 1425 γὰρ
820 1337 898 1405 ούτε
914 1345 1152 1422 παροινοῦντες
1176 1335 1251 1405 οὐδ’

309 1438 497 1528 ὑβρίζοντες
512 1437 572 1508 ὑπ’
595 1436 734 1517 ούδενδς
755 1435 949 1520 ἀνθρώπων
969 1436 1163 1523 ἑωράμεθα,
1185 1431 1252 1503 οὔτ’

309 1538 467 1624 άγνιομον
478 1535 762 1624 ούδὲνὴγούμεθα
772 1549 888 1620 ποιεῖν,
896 1541 927 1602 εί
935 1538 1009 1618 αερί
1020 1527 1069 1602 άν
1079 1531 1252 1620 ἠδικήμεθ’

310 1635 553 1724 ἀξιοῦμενκατά
560 1636 768 1722 τούςνόμους
774 1639 872 1720 δίκην
877 1641 999 1720 λαβεῖν.
1011 1633 1213 1718 ἰθυφάλλοις
1219 1637 1254 1700 δὲ

308 1738 365 1804 καὶ
382 1733 627 1821 αὐτοληκύθοις
643 1743 879 1821 συγχωροῦμεν
896 1732 980 1801 εἶναι
1001 1746 1072 1811 τοῖς
1086 1737 1172 1800 υίέσι
1187 1747 1254 1811 τοῖς

309 1833 442 1918 τούτου,
450 1831 910 1920 καὶὲγωγέύχομαιτοίςθεοῑς
918 1830 1253 1910 είςΚόνωνακαὶτούς

309 1928 475 2009 υίείςτούς
485 1929 606 1997 τούτου
617 1935 670 1999 καὶ
680 1934 843 1999 ταῦτακαὶ
853 1928 1170 1999 τάτοιαῦταάτιαντα
1179 1932 1255 2013 τρέ-

270 2052 300 2110 17
309 2037 440 2097 τεσθαι.
454 2018 547 2095 ούτοι
556 2027 713 2121 γάρείσιν
723 2033 757 2096 οί
764 2037 935 2107 τελοῦντες
945 2027 1108 2116 ἀλλήλους
1118 2035 1164 2119 τῷ
1176 2035 1254 2097 ίθν-

311 2123 436 2213 φάλληο,
449 2125 506 2193 καί
516 2133 651 2193 τοιαῦτα
662 2133 834 2205 ποιοῦντες
850 2124 1011 2210 ἀπολλην
1021 2127 1181 2214 αἰσχύνην
1191 2133 1254 2213 ἔχει

312 2223 367 2291 καί
377 2225 499 2308 λέγειν,
521 2222 566 2310 μὴ
584 2222 634 2292 ὅτι
650 2250 688 2309 γε
705 2223 744 2310 δη
762 2240 869 2294 κοιελν
879 2224 1082 2311 ἀνθρώπους
1091 2231 1251 2312 μετρίους.

312 2317 395 2390 ἀλλά
412 2328 445 2389 τί
458 2321 551 2389 ταῦτ’
571 2325 658 2409 έμοί;
680 2325 839 2409 θαυμάζω
855 2320 919 2408 γάρ
938 2329 1055 2410 ἔγωγε,
1078 2333 1112 2391 εί
1123 2329 1172 2402 τίς
1187 2326 1253 2392 έστι

229 2502 232 2509 ¹
313 2419 479 2506 πρόφασις
500 2420 575 2504 παρ’
592 2420 671 2508 ὑμῖν
691 2419 714 2507 ἢ
736 2431 854 2508 σκῆψις
875 2419 1036 2508 εὑρημένη
1058 2421 1107 2489 δι’
1130 2419 1190 2508 ἣν,
1213 2417 1254 2489 ἀν
1297 2457 1301 2461 ’

312 2516 454 2605 ὑβρίζων
465 2545 512 2599 τις
523 2523 722 2607 ἐξελέγχηται
739 2523 794 2589 καί
809 2520 958 2602 τύπτων,
980 2527 1076 2606 δίκην
1092 2517 1135 2587 ού
1146 2519 1252 2587 δάσει.

311 2620 344 2685 οί
362 2615 422 2702 μὲν
441 2614 505 2701 γάρ
524 2617 620 2703 νόμοι
638 2616 725 2686 πολύ
745 2614 903 2685 τάναντία
921 2620 975 2685 καί
995 2618 1054 2695 τάς
1074 2614 1254 2703 ἀναγκαίας

252 2772 263 2799 ,
311 2712 503 2803 προφάσεις,
526 2713 615 2795 ὅπως
630 2715 674 2802 μη
687 2722 816 2802 μείζους
833 2721 1027 2801 γίγνωνται,
1049 2721 1253 2801 προείδοντο,

312 2811 383 2882 οἷον
399 2809 540 2900 (ἀνάγκη
555 2814 618 2897 γάρ
632 2841 688 2900 μοι
704 2823 806 2881 ταῦτα
823 2817 878 2881 καὶ
896 2820 1001 2900 ζητεῖν
1016 2815 1071 2881 καὶ
1082 2814 1255 2882 πυνθάνε-

271 2921 394 2991 lowen
405 2913 459 2979 διά
470 2919 589 2978 τοῦτον
599 2915 750 2999 γέγονεν)
763 2915 824 2981 εἰσὶ
841 2919 1040 2999 κακηγορίας
1050 2916 1153 2980 δίκαι·
1176 2913 1256 2997 φασί

311 3021 427 3079 τοίνυν
441 3011 561 3090 ταύτας
571 3009 625 3077 διά
635 3019 731 3079 τοῦτο
741 3019 929 3096 γίγνεσθαι,
952 3016 1008 3079 ἵνα
1023 3009 1067 3097 μὴ
1080 3009 1256 3095 λοιδορού-

312 3134 406 3194 μενοι
416 3110 548 3177 τύατειν
560 3107 728 3201 ἀλλήλους
736 3110 955 3193 προάγωνται.
980 3107 1080 3176 πάλιν
1092 3114 1199 3187 αίκίας
1210 3113 1256 3176 εί-

313 3212 382 3275 σίν·
405 3210 459 3276 καὶ
475 3208 595 3288 ταύτας
610 3205 723 3276 ἀκούω
735 3206 789 3273 διὰ
808 3205 892 3274 τοῦτ’
906 3206 991 3274 εἶναι
1001 3204 1059 3284 τὰς
1069 3211 1177 3292 δίκας,
1199 3210 1256 3273 ἵνα

313 3308 434 3389 μηδείς,
441 3304 522 3375 ὅταν
531 3305 639 3392 ἥττων
649 3298 773 3394 ᾗ,λίθςο
786 3310 867 3392 μηδὲ
878 3305 1116 3373 τῶντοιούτων
1126 3301 1257 3390 ἀμύνη-

313 3425 365 3466 ται
381 3406 511 3488 μηδενλ,
533 3400 617 3473 ἀλλὰ
635 3403 696 3489 τὴν
716 3407 752 3474 έκ
770 3413 832 3471 τοῦ
853 3403 962 3489 νόμον
983 3407 1078 3488 δίκην
1097 3399 1255 3489 ἀναμένῃ.

313 3497 498 3582 τραύματος
516 3502 617 3570 πάλιν
636 3503 697 3571 stez
713 3504 839 3588 γραφαὶ
856 3509 916 3568 τοῦ
927 3498 972 3586 μη
986 3503 1257 3585 τιτρωσκομένων

273 3600 415 3680 ηςτινολν
426 3595 551 3679 φόνους
567 3607 749 3687 γίγνεσθαι.
786 3601 824 3669 τὸ
841 3601 1068 3686 φαυλότατον,
1091 3597 1198 3684 οίμοιι,
1218 3594 1256 3664 τὸ

312 3701 369 3783 τῆς
380 3698 626 3783 λοιδορίαςτρό
637 3707 697 3768 τού
707 3706 896 3768 τελευταίου
906 3701 960 3767 καὶ
971 3697 1163 3766 δεινοτάτου
1173 3720 1258 3783 κρο-
