3159 4409
334 488 398 553 τοο
451 539 455 552 ,
582 484 1031 565 [ΛΗΜοΣοενονΣ]

336 660 550 735 συγχωρεῖτε,
573 647 713 730 ἐρωτᾶτε
731 640 777 729 δ’,
800 642 844 723 ὡς
858 642 1100 731 ἀπαγγέλλεται
1119 647 1211 733 πρὸς
1232 652 1294 736 ἐμὲ,

290 754 384 827 ίοτίς
394 739 458 815 οὖν
467 742 572 812 αὐτόν
583 741 704 812 κωλύει
714 755 869 827 παρεῖναι
879 744 934 811 καὶ
944 750 1048 810 ταῦτα
1059 746 1245 831 πράττειν;
1260 745 1291 815 τό

336 849 533 914 ἐπίστασθαι
543 842 778 928 αἰσχύνεσθαι,
803 833 1163 931 ἀάνδρεςἏθηναῑοι,
1188 844 1291 913 καὶτὸ

337 944 477 1026 ἀναξίως
496 943 565 1013 τῶν
585 942 669 1028 ὑπὲρ
691 939 789 1029 ὑμῶν
809 943 1100 1029 πεπολιτευμένων
1124 945 1290 1031 πράττειν,

336 1048 390 1115 καὶ
401 1045 438 1113 τὸ
451 1045 491 1113 τὰ
505 1043 587 1112 ὅντα
597 1040 843 1110 ἀπολωλεκέναι
854 1039 909 1108 διά
921 1041 1078 1127 τούτους,
1098 1036 1168 1128 οἷς,
1181 1040 1289 1131 ἵναμὴ

335 1150 435 1211 διπλοῖ
452 1148 665 1211 καταθῶνται
683 1140 705 1207 ἀ
724 1137 787 1210 ούιι
814 1139 976 1208 ἐδύναντο
1000 1136 1106 1226 ἁπλᾶ,
1131 1145 1290 1229 ἐπείσθην

335 1239 597 1327 ὑπογράψασθαι
618 1237 679 1324 τὴν
700 1232 806 1326 ἀρχὴν
827 1236 885 1316 τάς
905 1235 1109 1325 καταβολὰς,
1139 1242 1226 1325 παρ’
1248 1234 1290 1309 όν

334 1338 414 1426 μετὰ
432 1340 494 1425 μὲν
511 1346 569 1425 τῆς
585 1336 743 1423 ὑμετέρας
759 1335 891 1416 εὐνοίας
908 1336 1112 1423 ἀφικόμενος
1124 1346 1245 1426 μέρος,
1265 1346 1291 1407 εί

334 1439 444 1524 καὶμὴ
457 1437 581 1524 πάντα,
595 1446 673 1515 ἴσως
685 1433 730 1504 ἀν
740 1443 955 1522 κομισαίμην,
976 1434 1059 1503 ὥστε
1069 1436 1182 1522 μηδὲν
1193 1436 1288 1525 ἀσχη-

334 1549 449 1623 μονελν
458 1533 495 1603 τό
507 1531 627 1602 λοιπόν
637 1540 801 1621 τού-βίον,
819 1529 863 1602 ἀν
876 1532 906 1601 δ’
922 1531 966 1612 ὡς
976 1537 1010 1601 οί
1018 1540 1126 1601 ταῦτα
1138 1540 1287 1621 λέγοντες

334 1632 466 1715 ἀξιοῦσί
471 1660 511 1719 με
522 1640 622 1718 ἔλθω,
628 1631 696 1718 ἀμα
705 1631 819 1721 ἀδοξία
830 1633 885 1700 καὶ
896 1629 1017 1719 ἀπορίη
1027 1634 1083 1699 καὶ
1095 1631 1198 1723 φόβῳ
1211 1654 1286 1702 συν
1311 1667 1312 1671 ’

290 1751 324 1804 41
334 1736 453 1819 ἕξομαι.
488 1724 536 1799 ἀν
548 1729 648 1799 οὐδὲν
656 1729 749 1818 ὑμεῖς
759 1736 1010 1815 συλλογιζεσθε,
1033 1726 1118 1797 ἀλλά
1133 1732 1286 1818 ῥημάτων

334 1857 390 1915 μοι
400 1833 454 1898 καὶ
467 1838 722 1915 φιλανθρωπίας
733 1838 960 1916 φθονοῦντες,
972 1823 1016 1896 ἀν
1026 1826 1119 1896 ούτω
1129 1831 1233 1919 τύχη,
1244 1828 1284 1899 δι’

332 1924 419 2013 ὑμᾶς
440 1927 642 2008 περιόψεσθε
664 1927 888 2013 ἀπολόμενον·
916 1927 957 1995 ού
977 1924 1042 2012 γάρ
1062 1922 1110 1995 ἀν
1134 1933 1286 2016 δεηθείην

333 2024 444 2093 ἀλλων
454 2019 477 2110 ἢ
487 2022 591 2108 ὑμῶν.
624 2029 679 2093 καλ
690 2026 763 2093 τότε
774 2026 896 2112 φήσετε
908 2024 1001 2095 δεινά
1014 2033 1225 2097 πεπονθέναι
1233 2054 1281 2113 με,

332 2229 429 2291 ἔσται.
454 2221 495 2291 ού
505 2222 569 2308 γάρ
582 2222 622 2311 δὴ
634 2223 782 2312 χρήματά
796 2223 827 2310 γ’
842 2223 929 2293 εἷναί
936 2249 993 2310 μοι
1005 2230 1217 2308 προσδοκᾶτε
1228 2228 1282 2305 ἔξω
1289 2223 1334 2282 14⁸5

331 2329 400 2391 τῶν
418 2331 591 2409 φανερῶν,
614 2315 862 2410 ὦνάφίσταμαι.
895 2321 1112 2391 καὶτάλοιπά
1123 2326 1283 2412 βούλομαι

332 2435 548 2508 συναγαγεῖν,
560 2421 621 2489 ἐάν
631 2448 688 2508 μοιΙ
697 2419 742 2508 μὴ
755 2428 964 2507 φιλονείκως,
975 2417 1049 2489 ἀλλ’
1061 2418 1285 2508 ἀνθρωπίνως

288 2525 324 2578 42
332 2527 414 2587 δεῖτε
425 2517 463 2587 τό
475 2518 559 2602 πρὸς
567 2519 697 2600 τούτοις
707 2517 864 2605 ἀσφαλῶς
875 2519 966 2587 εἶναι.
990 2517 1033 2586 ού
1043 2517 1113 2605 μην
1122 2519 1205 2590 οὐδὲ
1213 2518 1281 2603 παρ’

327 2615 492 2705 Ἆρπάλον
502 2642 543 2701 με
553 2618 699 2704 λαβόντα
709 2621 844 2698 δείξετε·
868 2615 1282 2707 ούτεγάρήλέγχθηνούτ’

330 2721 460 2801 ἔλαβον.
494 2721 524 2782 εί
541 2716 576 2783 δὲ
591 2714 628 2783 τὸ
646 2717 825 2802 περιφανὲς
841 2715 966 2802 ἀξίωμα
978 2725 1040 2803 ,τῆς
1055 2722 1186 2804 βουλῆς
1197 2718 1219 2805 ἢ
1228 2715 1283 2785 τόν

322 2814 454 2899 ’Ἀρειον
469 2814 579 2897 πάγον
596 2818 835 2900 προσβλέπετε,
856 2824 913 2901 της
921 2813 1203 2902 Ἀριστογείτονος
1215 2824 1282 2903 τρί’

330 2932 413 2992 οεως
429 2911 698 2998 ἀναμνησθέντες
713 2915 962 3000 ἐγκαλύψασθε·
987 2912 1029 2983 ού
1045 2911 1112 3001 γάρ
1131 2921 1199 3001 ἔχω
1209 2915 1283 2985 τού-

329 3036 389 3078 του
400 3010 585 3097 πραότερον
597 3012 791 3100 πρόσταγμα
802 3012 1003 3093 vacuom&
1024 3015 1283 3103 ἐξημαρτηκόσιν

285 3115 376 3189 43είς
392 3112 456 3195 ἐμέ.
491 3107 532 3176 ού
548 3107 613 3194 γὰρ
631 3111 740 3197 δήπου
755 3126 824 3191 τοῖς
842 3112 953 3191 αύτοίς
969 3137 1007 3197 γε
1024 3110 1219 3195 λόγοιςὺπό
1231 3120 1282 3200 τῆς

331 3206 432 3295 αὐτῆς
446 3216 570 3297 βουλῆς
586 3208 827 3296 ἀποφανθέντα
844 3216 972 3279 ἐκεῖνον
987 3214 1048 3295 μὲν
1058 3208 1227 3295 ἀφεῖσθαι
1237 3216 1283 3279 δί-

330 3332 428 3374 καιον
448 3308 532 3376 εἶναι
552 3308 691 3395 φήσετε,
715 3310 771 3396 ἐμὲ
794 3309 829 3378 δὲ
851 3306 1071 3377 ἀπολωλέναι·
1093 3308 1157 3396 ούχ
1181 3309 1283 3388 οὕτως

330 3400 423 3489 ὑμεῖς
433 3404 611 3492 ἀλογίστως
622 3412 716 3493 ἔχετε.
751 3406 828 3477 ούτε
838 3408 903 3495 γάρ
915 3406 1004 3487 ἀξιος
1014 3404 1091 3475 ούτε
1102 3407 1284 3497 ἐπιτήδειος

333 3501 410 3572 ούτε
427 3511 563 3592 χείρων,
585 3505 706 3594 ἀτυχὴς
718 3510 831 3595 μέντοι
843 3504 885 3575 δι’
898 3503 991 3592 ὑμᾶς.
1024 3503 1196 3593 ὁμολογοῖ·
1220 3515 1284 3588 πῶς

334 3600 399 3688 γάρ
420 3598 482 3669 οὐκ
503 3601 624 3692 ἀτυχὴς
644 3597 671 3696 ᾦ
692 3604 774 3691 πρός
790 3620 857 3687 τοίς
873 3604 984 3685 ἀλλοις
999 3618 1115 3685 κακοῖς
1130 3609 1188 3677 καὶ
1206 3606 1284 3697 πρός
