3159 4409
450 616 458 634 *
525 521 669 582 ΚΑΤΑ
697 520 988 586 ΣΤΕΦΑΝΟΤ
1013 526 1053 587 A
1220 525 1262 592 67

354 689 413 747 τάν
425 686 630 788 διαθηκῶν
590 705 649 748 των
659 681 854 762 Πασίωνος
826 712 857 750 το
875 695 1070 792 γραμματεῖον
1085 684 1102 754 δ’
1112 689 1262 774 ἐνεβάλετο

358 771 511 872 Φορμίων
514 762 595 843 είς
566 793 619 832 τον
636 770 745 850 ἐχῖνον,
752 763 895 871 άνοίγειν
909 798 961 847 τας
975 769 1164 876 διαθήκας
1131 801 1183 852 τας
1193 783 1260 839 Πα-

354 846 511 932 σίωνος,“
491 879 527 928 ας
542 854 691 956 παρείχετο
706 847 779 957 πρὸς
794 879 846 918 τον
861 851 1022 963 διαιτητήν
1025 851 1177 938 Ἀμφίαςτ
1165 885 1181 924 ο
1187 867 1259 960 Κη-

354 942 539 1016 φισοφωντος
549 934 702 1039 κηδεστής
714 930 935 1023 Απολλοδωρον
945 941 978 1004 δε
988 936 1093 1006 ουκί
1093 943 1168 1006 έλειν
1178 938 1259 1008 ανοί

352 1043 453 1105 γειν
443 1015 604 1089 εἶναιδὲτδι
614 1013 1165 1106 άντίγραφατῶνδιαθηκάντάνΠασί
1165 1033 1258 1110 ωνος.]
1303 1076 1310 1092 ,

284 1170 301 1225 9
391 1157 573 1227 Ἠκούσατε
583 1157 695 1245 μέν
654 1186 711 1245 της
721 1168 911 1248 μαρτυρίας,
928 1189 953 1230 ω
942 1157 1085 1248 ἄνδρες
1097 1167 1257 1249 δικασταί,

310 1265 429 1345 νομιζω
448 1258 479 1327 δ’
491 1257 592 1352 ὑμᾶς,
611 1264 642 1327 εί
652 1261 707 1327 καλ
724 1260 827 1345 μηδὲν
841 1269 909 1328 τοῖν
927 1262 1039 1329 άλλων
1051 1216 1262 1333 αἰσθάνεσθέ

310 1384 377 1446 πω,
396 1359 495 1428 τοῦτο’
511 1386 549 1445 γε
566 1356 648 1427 αὐτὸ
667 1358 870 1444 θαυμάζειν,
888 1356 925 1426 τδ
942 1357 1003 1443 τήν
1013 1359 1074 1445 μὲν
1085 1357 1261 1447 άρχήντής

309 1466 490 1546 μαρτυρίας
506 1458 591 1527 εἶναι
606 1458 809 1545 πρόκλησιν,
831 1454 894 1541 τήν
911 1463 947 1524 δὲ
963 1459 1119 1546 τελευτήν
1136 1460 1255 1546 διαθή-

223 1594 227 1603 ’
308 1584 382 1645 κην.
404 1557 445 1626 οὐ
456 1556 523 1644 μήν
535 1555 602 1626 ἀλλ’
615 1555 708 1642 ἔγωγ’
719 1554 810 1640 οἶμαι
821 1560 907 1641 δεῖν,
919 1556 1069 1652 ἐπειδάν,
1087 1556 1106 1626 ὃ
1119 1567 1187 1627 τῶν
1197 1582 1257 1645 με·

307 1653 1257 1743 μαρτυρημένωνάσπερεὶκεφάλαιόνέστιν,έπιδείξωψεῠ-

307 1759 365 1834 δος
376 1748 427 1840 δν,
439 1749 602 1841 τηνικαῦτ’
613 1750 677 1839 ήδη
688 1754 743 1820 καί
754 1755 828 1838 περὶ
839 1754 1078 1824 τῶντοιούτων
1088 1767 1256 1826 ποιεῖσθαι

262 1873 297 1925 10
307 1851 388 1933 τοδς
400 1854 528 1940 λόγους.
557 1857 625 1920 ἔστι
643 1848 682 1937 δή
696 1855 991 1942 μεμαρτυρημένον
1001 1853 1113 1934 αὐτοῖς
1127 1880 1254 1944 προκα-

307 1961 439 2022 λεῖσθαι
450 1955 627 2036 Φορμίωνα
638 1947 785 2035 άνσίγειν
794 1948 854 2029 τὰς
864 1951 1037 2039 διαθήκας,
1052 1949 1091 2032 άς
1101 1958 1255 2041 παρέχειν

217 2098 221 2103 -
307 2049 392 2142 πρὸς
403 2048 464 2117 τὸν
480 2046 648 2135 διαιτητήν
662 2053 780 2116 Τισίαν
796 2046 937 2136 Ἀμφίαν
952 2047 1013 2119 τὸν
1023 2057 1254 2139 Κηφισοφῶν-

305 2175 361 2228 τος
378 2148 553 2234 κηδεστήν·
583 2149 640 2233 ἐμὲ
657 2144 688 2214 δ’
709 2144 771 2215 οὐκ
788 2151 919 2216 ἐθέλειν
932 2146 1092 2234 ἀνοίγειν·
1119 2148 1203 2218 εἶναι
1217 2151 1253 2218 δέ

305 2245 345 2327 δὶς
358 2244 451 2315 αὐτοὶ
465 2246 733 2333 μεμαρτυρήκασι
746 2247 920 2333 διαθήκας,
932 2244 1158 2335 ἀντιγράφους
1169 2252 1255 2317 ἐκεί-

261 2371 295 2422 11
306 2373 383 2415 νων.
417 2343 477 2412 εἶθ’
489 2343 510 2430 ή
522 2344 666 2430 διαθήκη
676 2349 867 2465 γέγρριπται
902 2345 966 2429 ἐγώ
978 2354 1096 2413 τοίνυν
1105 2351 1179 2434 περί
1192 2348 1255 2432 μέν

303 2471 364 2514 τον
351 2448 622 2530 προκαλεῖσθαί
630 2467 671 2527 με
686 2438 709 2529 ή
725 2441 772 2562 μή
785 2450 889 2509 ταῦτα
899 2447 1079 2527 Φορμίωνα
1091 2441 1191 2512 οὐδέν
1201 2466 1254 2510 πω

302 2548 392 2632 λέγω
394 2594 403 2627 ,
425 2538 566 2609 οάδλδπ
517 2540 603 2624 νπὲρ
620 2547 681 2607 τοῦ
698 2537 757 2619 τάς
766 2539 929 2626 διαθήκας
939 2535 1108 2626 άληθεῖς”
1087 2567 1110 2626 η
1122 2545 1255 2662 ψευδεῖς

302 2643 403 2730 εἶναι,
424 2638 492 2709 ἀλλ’
507 2635 650 2726 αὐτίχ’*
630 2647 716 2727 υμᾶς
729 2636 809 2723 περί
825 2639 953 2707 τούτων
972 2638 1108 2719 διδάξω
1137 2636 1211 2709 ἀλλ’
1231 2636 1253 2707 ά

303 2739 588 2829 μεμαρτυρήκασι,
607 2740 652 2826 μή
670 2766 693 2825 μ
698 2736 904 2808 ’ἐθέλειν
869 2765 905 2807 το
922 2752 1145 2826 γραμματεῖον
1159 2736 1254 2806 άνοί-

302 2867 383 2926 γειν.
408 2837 466 2914 ὡδί
479 2837 518 2925 δή
529 2851 690 2906 σκοπείτε.
711 2846 774 2907 τοῦ
782 2863 833 2916 τις
841 2833 885 2905 άν
896 2840 994 2907 ἕνεκα
1004 2843 1147 2925 ἔφευγεν
1159 2835 1252 2905 άνοί-

300 2964 373 3026 γειν
385 2936 422 3006 τά
435 2950 672 3024 γραμματεῖονς
683 2934 722 3005 ἵν’
737 2933 759 3023 ἡ
771 2937 917 3024 διαθήκη
928 2934 970 3024 νή
982 2944 1050 3005 Δία
1060 2935 1105 3023 μή
1120 2930 1251 3022 φανερά
1259 2951 1325 3008 1105

257 3067 292 3119 12
300 3041 429 3125 γένοιτο
439 3050 507 3116 τοῖς
519 3041 693 3115 δικασταῖς.
721 3041 752 3103 εί
760 3036 824 3122 μὲν
835 3042 951 3104 τοίνυν
961 3034 1004 3123 μή
1018 3030 1249 3120 προσεμαρτύ-

302 3163 387 3225 ρουν
402 3142 442 3225 τῇ
458 3134 637 3222 προκλήσει
660 3131 723 3221 τήν
741 3134 911 3222 διαθήκην
931 3126 1040 3216 οὗτοι,
1066 3131 1168 3217 λόγον
1185 3130 1250 3219 ελχέ

301 3233 360 3305 τιν’
372 3230 416 3302 άν
426 3231 463 3301 τό
476 3233 615 3319 φεύγειν
625 3235 681 3320 ἐμὲ
688 3230 837 3319 άνοίγειν
847 3231 884 3301 τὸ
893 3245 1130 3319 γραμματέων·
1141 3253 1249 3319 προσ-

301 3331 566 3422 μαρτυρούντων
582 3330 617 3400 δὲ
633 3332 762 3400 τούτων
781 3336 922 3401 καὶτῶν
942 3336 1107 3399 δικαστῶν
1128 3328 1249 3419 ὁμοίως
1332 3400 1334 3405 ,

302 3432 588 3519 άκουσομένωνί
553 3457 572 3498 τ
599 3423 643 3517 ήν
652 3458 709 3518 μοι
719 3431 884 3516 κέρδος
849 3456 886 3498 το
893 3456 943 3553 μη
932 3429 1100 3514 ε’θέλεινς
1119 3430 1198 3501 οὐδὲ
1209 3434 1248 3497 ἓν

302 3533 419 3654 δήπου.
454 3529 534 3599 αὐτὰ
555 3529 854 3618 γάρτούναντίον,
879 3556 905 3598 ω
893 3523 1046 3616 ἄνδρες
1064 3528 1245 3617 Ἀθηναῖοι,

302 3627 368 3700 κάν
386 3637 415 3700 εί
432 3631 536 3718 μηδὲν
555 3629 808 3716 προύκαλοῦντο
829 3619 937 3713 οὗτοι,
957 3627 1090 3720 λογφδ
1102 3631 1246 3712 ἐχρωντο

260 3745 293 3798 13
302 3729 425 3816 μόνον,
445 3731 501 3798 καὶ
511 3737 645 3817 παρεῖχέ
653 3755 701 3807 τις
713 3724 825 3806 αὐτοῖς
835 3741 1055 3815 γραμματεῖον
1057 3751 1112 3876 ἰρος
1124 3720 1245 3808 διαθή-
