3159 4409
253 492 256 501 '
309 491 353 557 84
515 495 594 556 XLV.
622 490 1042 552 ΔΗΜΟΣΘΕΝΟΤΣ

268 671 300 728 71
389 651 498 731 ’Ἄξιον
507 657 640 736 τοίνυν,
652 642 680 718 ἀ
691 648 1004 736 ἀνδρεςἌθηναῑοι,
1023 653 1077 719 καὶ
1089 657 1262 736 Φορμίωνι

310 760 357 841 τῷ
375 751 612 837 παρασχομένῳ
629 752 763 817 τουτονί
780 757 958 835 νεμεσῆσαι
985 763 1053 828 τοῖς
1069 750 1261 835 πεπραγμέ·

311 878 397 936 νοις,
419 846 482 934 τήν
498 846 672 915 ἀναίδειαν
692 855 754 914 τοῦ
768 847 898 932 τρόπον
912 850 967 916 καὶ
983 846 1046 934 τήν
1067 845 1262 934 ἀχαριστίαν

312 950 453 1027 ίδόντας.
482 946 573 1033 οἶμαι
589 944 655 1032 γάρ
672 944 821 1024 ἅπαντας
837 943 923 1031 ἡμᾶς
935 947 1056 1013 είδέυαι
1066 944 1117 1013 ὅτι
1128 954 1261 1033 τοῦτον,

311 1047 394 1136 ἡνίκ’
411 1047 510 1126 ι’όνιος
520 1039 580 1133 ἡν,
599 1050 630 1120 εί
640 1046 764 1131 συνέβη
776 1045 939 1130 μάγειρον
957 1043 980 1130 ἡ
995 1041 1263 1130 τινοςάλληςτέ-

310 1175 388 1234 χνης
406 1143 610 1234 δημιουργόν
621 1153 799 1230 πρίασθαι,
811 1143 873 1229 τήν
889 1150 950 1210 τοῦ
968 1140 1133 1208 δεσπότου
1142 1144 1264 1230 τέχνην

269 1266 303 1322 72
312 1242 355 1314 ἀν
365 1245 488 1333 μαθων
498 1245 613 1329 πόρρω
623 1250 692 1311 τῶν
702 1251 768 1311 νῦν
775 1243 952 1328 παρόντων
958 1234 1001 1329 ἡν
1011 1241 1160 1327 ἀγαθοῖν.
1174 1245 1264 1310 ἐπει-

312 1345 352 1432 δὴ
365 1343 429 1414 δὲδ
443 1342 551 1430 πατήρ
569 1341 587 1410 ὁ
604 1340 762 1429 ἡμέτερος
777 1345 968 1426 τραπεζίτης
980 1336 1029 1408 dv
1040 1339 1186 1427 ἐκτήσατ’
1198 1338 1264 1430 αύ-

311 1443 372 1511 τδν
388 1446 442 1513 καὶ
458 1443 634 1530 γράμματα
651 1445 825 1509 ἐπαίδευσε
842 1441 897 1508 καὶ
914 1438 975 1526 τήν
998 1444 1116 1526 τέχνην
1136 1442 1265 1520 ἐδίδαξε

254 1555 255 1558 ’
312 1545 366 1610 καὶ
376 1543 552 1628 χρημάτων
568 1545 701 1628 ἐποίησε
717 1541 837 1626 κύριον
855 1546 1005 1627 πολλῶν,
1028 1538 1197 1626 εὐδαίμων
1206 1543 1265 1625 γε’«ὲ

312 1666 401 1726 γονε,
412 1639 474 1725 τὴν
484 1641 605 1725 τύχην,
627 1631 844 1727 ἡπρδςὴμάς
856 1638 1011 1725 ἀφίκετο,
1033 1637 1138 1726 ἀρχὴν
1149 1635 1265 1725 λαβοδν

270 1760 304 1816 73
314 1739 421 1823 πάσης
431 1746 489 1822 τῆς
500 1747 566 1805 νῦν
577 1738 748 1823 παρούσης
759 1735 978 1823 εύδαιμονίας.
1002 1734 1264 1821 ούκοῦνδεινδυ,

314 1831 395 1922 άγη
407 1838 462 1903 καί
471 1838 563 1921 θεοί,
577 1837 632 1904 καὶ
643 1838 730 1919 πέρα
741 1840 865 1922 δεινοῦ,
876 1837 955 1914 τούς
965 1835 1109 1920 Ἕλληνα
1120 1837 1180 1921 μὲν
1191 1833 1267 1904 ἀντὶ

314 1933 487 2022 βαρβάρου
499 1934 711 2020 ποιήσαντας,
723 1934 894 2021 γνώριμον
911 1932 943 2001 δ’
956 1932 1025 2009 ἀντ’,
1037 1932 1264 2020 ἀνδραπόδου,

314 2032 484 2125 τοσούτων
504 2031 645 2117 ἀγαθῶν
666 2031 847 2122 ἡγεμόνας,
875 2032 1014 2112 τούτους
1041 2039 1202 2118 περιορᾶν
1228 2035 1273 2098 ἐν-

314 2145 385 2210 ταῑς
395 2131 544 2218 ἐσχάταις
555 2131 707 2220 ἀπορίαις
723 2133 823 2212 ὄντας
839 2138 955 2220 ἔχοντα
971 2136 1026 2202 καί
1043 2140 1265 2215 πλουτοῦντα,

315 2232 371 2298 καὶ
382 2235 428 2310 είς
438 2229 534 2298 τοῦθ’
546 2229 641 2318 ήκειν
652 2229 822 2312 ἀναιδείας
834 2232 934 2316 ὥστε,
956 2225 996 2318 ἡς
1007 2230 1080 2315 παρ’
1092 2229 1189 2318 ἡμῶν
1206 2230 1267 2298 τύ-

272 2349 306 2404 74
315 2357 373 2417 χης
384 2335 525 2417 μετέσχε,
537 2331 658 2419 ταύτης
668 2329 747 2419 ἡμῖν
757 2331 801 2418 μή
813 2339 939 2417 τολμᾶν
949 2333 1157 2416 μεταδοῦναι.
1194 2327 1264 2396 ἀλλ’

316 2427 415 2509 αύτδς
425 2429 487 2517 μὲν
498 2428 561 2500 ούκ
573 2430 704 2519 ἀκνησε
715 2431 777 2518 τήν
795 2435 974 2498 δέσποιναν
984 2435 1102 2515 γήμαι,
1124 2425 1265 2513 καδὴτά
1313 2487 1321 2497 .

315 2530 548 2615 καταχύσματα
560 2529 665 2599 αὐτοῦ
676 2533 806 2616 κατέχεε
815 2527 886 2598 τόθ’
899 2526 999 2615 ἡνίκα
1010 2526 1162 2614 ἐωνήθη,
1180 2527 1266 2594 ταύ-
1275 2541 1332 2596 112⁴.

315 2651 355 2712 τη
366 2642 549 2713 συνοικεῖν,
569 2628 648 2697 οῦδὲ
666 2643 786 2717 προῖκα
807 2634 904 2696 πέντε
920 2629 1065 2696 τάλαντα
1082 2623 1173 2715 αύτῷ
1184 2626 1267 2713 γρά-

316 2737 384 2808 ψαι,
403 2728 502 2811 χωρίς
519 2719 567 2793 ὦν
582 2726 685 2813 ούσης
703 2735 762 2813 της
772 2718 1268 2813 μητρός-κυρίαςούτοςέγκρα-

304 2823 373 2918 τὴς
390 2827 507 2910 γέγονε
524 2833 659 2894 πολλῶν
677 2825 853 2913 χρημάτων
874 2833 921 2913 (τί
935 2824 1000 2914 γάρ
1025 2822 1132 2892 αύτὸν
1152 2832 1267 2891 οἴεσθε
1307 2894 1313 2904 ,

316 2929 362 3002 είς
372 2922 429 3002 τάς
441 2922 605 3010 διαθήκας
621 2923 866 3011 ἐγγράψαι“καὶ
876 2924 989 3010 τάλλα,
1007 2923 1071 2991 ὅσα
1082 2921 1268 3008 ἐστὶν,Ἀρ-

313 3019 434 3110 “χίππη
451 3020 612 3109 δίδωμι;”)
629 3021 687 3103 τάς
704 3023 734 3092 δ’
749 3023 908 3113 ἡμετέρας
924 3026 1113 3108 θυγατέρας
1123 3023 1268 3109 μελλού-

312 3141 371 3198 σας
382 3119 418 3189 δί
434 3127 565 3190 ἔνδειαν
581 3120 785 3205 ἀνεκδότους
804 3130 904 3195 ἔνδον
920 3123 1102 3212 γηράσκειν
1114 3129 1264 3210 περιορᾷ.

273 3241 306 3295 75
317 3220 371 3286 καί
382 3224 413 3287 εί
420 3224 481 3306 μὲν
492 3226 593 3308 πένης
603 3215 701 3302 οὗτος
710 3217 765 3311 ήν,
781 3224 875 3313 ἡμεῖς
886 3223 920 3291 δ’
932 3221 1155 3308 εὐποροῦντες
1168 3226 1268 3306 ἐτυγ-

317 3316 477 3404 χάνομεν,
499 3324 554 3389 καὶ
565 3327 689 3410 συνέβη
700 3350 732 3391 τι
742 3335 884 3408 παθεῖν,
906 3314 960 3389 οἷα
977 3321 1100 3409 πολλά,
1124 3324 1214 3408 ἐμοὶ,
1234 3325 1271 3388 ot

318 3421 432 3495 παίδες
441 3414 484 3485 ἀν
495 3424 529 3487 οί
537 3423 659 3490 τούτου
669 3432 738 3492 τῦν
751 3428 839 3510 ἐμῦν
849 3425 1048 3508 θυγατέρων
1065 3420 1266 3506 ἐδικάζοντο,

319 3519 354 3582 οί
360 3524 422 3583 τού
434 3519 558 3588 δούλου
574 3529 642 3590 τοῖν
658 3531 720 3591 τοῦ
731 3521 911 3590 δεσπότου·
932 3531 1021 3589 θελοι
1030 3521 1095 3606 γάρ
1108 3526 1192 3587 εἰσιν
1203 3515 1267 3584 αύ-

318 3628 389 3696 ταϊς
400 3614 454 3683 διά
465 3615 501 3684 τδ
513 3618 574 3703 τήν
585 3625 706 3707 μητέρα
716 3619 779 3707 τὴυ
792 3621 873 3705 ἐμήν
883 3627 1005 3687 τοῦτον
1021 3626 1154 3705 λαβεῖν·
1177 3618 1269 3684 ἐπει·-

319 3712 359 3801 δὴ
372 3715 408 3782 δὲ
420 3713 553 3804 ἀπόρως
563 3717 655 3806 ἡμεῖς
664 3725 797 3807 ἔχομεν,
817 3726 995 3806 τηνικαῦτα
1007 3714 1050 3786 ού
1062 3716 1269 3784 συνεκδώσει
