3159 4409
200 522 208 535 .
312 465 373 532 τεο
422 442 430 529 1
538 467 590 524 ιιι.
623 463 1041 527 Δειικοεοειιονε
1099 530 1106 541 ,

268 643 303 697 18
311 634 357 718 τῷ
371 625 584 714 κληρονόμῳξ
607 623 650 710 μῆ
669 627 780 690 δοκεῖν
796 648 852 708 μοι
874 622 954 708 μῆτε
977 620 1181 710 ὁμολογῆσαι
1200 626 1261 692 τὸν

311 727 435 810 πατέρα
450 722 557 812 τούτῳ
573 719 760 810 ἀποδώσειν
771 719 809 788 τδ
821 718 982 806 ἀργύριον
994 718 1014 789 δ
1026 724 1179 808 κατέλιπε
1188 723 1261 791 Λύ-

310 849 395 909 κων,
406 821 487 908 μῆτε
499 828 707 906 συσταθῆναι
718 816 821 886 αύτὸν
830 826 876 909 τῷ
886 822 983 907 πατρὶ
992 817 1058 890 ὑπὸ
1069 829 1131 890 τοῦ
1139 821 1262 891 Λύκα-

311 948 385 1008 νος,
407 924 466 990 καλ
473 929 648 1008 Φορμίων,
659 912 694 1005 ῆ
710 917 778 1004 μῆν
795 921 1052 1004 διαλογίσασθαί
1064 947 1100 988 τε
1110 923 1262 989 ἐναντίον

307 1020 522 1109 Ἀρχεβιάδου
531 1026 580 1110 τῷ
589 1016 726 1087 Λύκωνι
737 1013 837 1096 αύτός
846 1020 902 1086 καὶ
913 1025 1161 1106 προσταχθῆναι
1172 1016 1261 1108 αύτῷ

270 1137 303 1192 19
312 1119 501 1207 Κηφισιάδῃ
519 1117 704 1186 ἀποδοῦναι
719 1113 756 1184 τδ
775 1113 953 1202 ἀργύριον,
975 1118 1035 1185 τὸν
1046 1117 1262 1204 δδΚηφισιά-

313 1225 376 1306 δην
394 1223 494 1298 δεῖξαι
511 1215 602 1309 αὑτῷ
618 1214 679 1285 τδν
687 1213 915 1302 Ἀρχεβιάδην,
936 1215 1057 1284 καὶὸτε
1067 1216 1261 1296 Κάλλιππος

265 1383 268 1388 ⁴
313 1325 484 1405 προσῆλθε
500 1315 537 1385 τό
555 1323 687 1401 πρῶτον
704 1313 788 1400 πρὸς
804 1311 866 1399 τὴν
880 1315 1059 1401 τράπεζαν,
1080 1318 1188 1400 λέγων
1209 1313 1261 1382 ὅτι

312 1413 548 1502 τετελευτηκύς
564 1424 613 1501 εῖη
631 1411 786 1483 ὁΛύκων
801 1415 856 1481 καὶ
873 1410 974 1493 αὐτὸς
989 1411 1093 1500 ἀξιοίη
1103 1412 1143 1481 τά
1153 1413 1261 1501 γράμι

313 1542 398 1602 ματα
409 1519 509 1600 ἰδεῖν,
522 1523 555 1582 εί
561 1539 592 1581 τι
602 1509 844 1591 καταλελοιπὼς
855 1521 905 1598 εῖη
916 1510 933 1580 ὁ
944 1514 1037 1633 ξένος
1047 1510 1225 1599 ἀργύριον,
1237 1505 1260 1600 ῆ

313 1612 380 1701 μῆν
392 1615 584 1694 δείξαντος
567 1639 687 1682 εαυτου
674 1609 805 1690 εὐθύς
814 1607 905 1701 αύτῷ
915 1608 955 1678 τά
965 1611 1156 1698 γράμματα,
1168 1611 1262 1680 ίδόν-

224 1736 228 1741 ’
312 1724 353 1779 τα
365 1710 468 1779 αὐτὸν
478 1738 524 1801 τῳ
513 1711 723 1798 Κηφισιάδῃ
731 1712 959 1830 γεγραμμένον
967 1707 1168 1796 ἀποδοῦναι,
1181 1730 1261 1779 σιω-

313 1833 358 1896 πη
344 1782 548 1894 οίχεσθάι’
530 1809 681 1893 απιάντα,
690 1807 842 1878 ούδὲν”
799 1833 877 1876 ουτε
888 1805 1236 1930 ἀμφισβητῆσαντα”
1193 1835 1254 1877 ουτ

258 1908 265 1919 “
313 1904 483 1974 ἀντειπόντ’
499 1932 603 1974 αντον
613 1909 688 1992 περὶ
700 1932 761 1974 του
745 1904 952 1993 αργυρίου,
973 1933 1103 1975 τουτον
1113 1922 1193 1994 υμιν
1202 1935 1261 1987 τας

312 2032 347 2073 τε
364 2001 750 2108 μαρτυρίαςάμφοτέρας
766 2003 897 2073 καὶτὸν
907 2004 1013 2091 νόμον
1023 2003 1257 2091 ἀναγνώσεται.

548 2109 809 2171 MAPTYPIAI.
843 2110 1020 2172 ΝΟΜΟΣ.

268 2226 304 2278 20
398 2205 483 2288 Φέρε
493 2203 533 2289 δῆ
544 2201 641 2290 ύμῖν,
654 2196 681 2270 ά
692 2203 811 2291 ἀνδρες
822 2206 986 2290 δικασταὶ,
999 2200 1044 2283 ὦς
1055 2200 1129 2271 οὐδ’
1144 2205 1259 2291 ἐχρῆτο

311 2301 437 2370 Λύκων
452 2310 499 2393 τῷ
511 2309 712 2392 Καλλίππῳ,
734 2306 898 2382 ἐπιδείξω·
921 2301 1011 2390 οἶμαι
1021 2303 1085 2389 γάρ
1096 2310 1129 2371 τί
1137 2328 1194 2388 μοι
1204 2307 1260 2373 καὶ

311 2409 409 2469 τούτο
426 2399 609 2488 εἶναιπρὸς
626 2399 688 2488 τῆν
704 2399 897 2482 ἀλαζονείαν
906 2400 968 2488 τῆν
977 2403 1111 2471 τουτουί
1119 2408 1182 2469 τού
1192 2401 1261 2487 φάε

313 2520 452 2579 σκοντος
468 2497 557 2589 αύτῷ
571 2500 700 2585 δωρεάν
711 2505 855 2586 δοθῆναι
864 2497 902 2568 τδ
914 2498 1076 2587 ἀργύριον
1085 2508 1183 2569 τοῦτο
1195 2525 1261 2568 πα-

226 2630 231 2637 ·
312 2596 353 2683 ρά
370 2605 431 2665 τοῦ
446 2598 614 2678 Λύκωνος.
647 2601 771 2677 ἐκεῖνος
787 2597 852 2683 γάρ
863 2596 1101 2681 τετταράκοντα
1111 2603 1261 2685 μνάςέκ-

312 2701 406 2764 δοσιν
422 2696 540 2775 ἐκδούς
557 2696 709 2782 εἰς”Ακηυ
719 2699 932 2783 Μεγακλείδῃ
948 2701 993 2786 τῷ
1001 2692 1188 2784 Ἐλευσινίῳ
1205 2701 1261 2765 καλ

312 2795 494 2886 Θρασύλλῳ
523 2803 571 2884 τῷ
591 2794 728 2886 ἀδελφῷ
750 2794 872 2881 αύτού,
899 2795 1081 2880 μεταδόξαν
1101 2792 1193 2884 αύτῷ
1214 2794 1259 2882 μῆ

311 2897 413 2961 ἐκεῖσε
425 2902 519 2962 πλεῖν
529 2895 611 2980 μηδὲ
620 2895 847 2978 κινδυνεύειν,
859 2896 1034 2980 ἐγκαλέσας
1042 2919 1074 2961 τι
1083 2900 1129 2984 τῷ
1140 2901 1260 2980 Μεγα-

311 2997 422 3080 κλείδη
440 2995 513 3080 περὶ
524 3001 592 3060 τῶν
603 2994 713 3062 τόκων
724 2990 767 3072 ὥς
778 2996 1015 3079 ἐξηπατημένος
1025 2995 1193 3078 διεφέρετο
1204 2994 1329 3070 nullm

266 3109 300 3161 21
310 3092 488 3175 ἐδικάζετο,
506 3091 710 3178 βουλόμενος
726 3089 788 3177 τῆν
804 3095 936 3159 ἔκδοσιν
952 3099 1161 3177 κομίσασθαι.
1196 3113 1260 3160 συ-

309 3197 388 3275 χνῆς
399 3190 532 3259 δὲπάνυ
540 3198 761 3278 πραγματείας
769 3192 844 3277 περὶ
852 3197 996 3260 τοσαῦτα
1003 3191 1152 3279 χρήματα
1160 3217 1259 3277 γευο-

309 3290 409 3372 μένης
423 3288 483 3356 τὸν
500 3290 561 3376 μὲν
578 3289 774 3358 Κάλλιππον
790 3287 809 3357 ὁ
825 3289 949 3357 Λύκων
965 3287 1109 3376 ούδαμοῖ
1125 3290 1258 3358 πάντοτε

309 3385 521 3472 παρεκάλεσε,
532 3387 591 3456 τδν
603 3390 638 3458 δὲ
645 3387 858 3476 Ἀρχεβιάδην
869 3391 925 3458 καί
933 3387 1012 3470 τούς
1021 3397 1082 3457 τοῦ
1090 3388 1258 3477 Ἀρχεβιά-

310 3486 373 3551 δου
391 3488 522 3567 φίλους·
544 3485 633 3556 καὶὸ
652 3487 825 3569 διαλλάξας
841 3487 963 3568 αύτούς
977 3487 1185 3576 Ἀρχεβιάδης
1200 3483 1254 3576 ῆν.

310 3579 354 3660 ὡς
364 3582 401 3650 δὲ
412 3579 523 3671 ἀληθῆ
533 3590 632 3674 λέγω,
652 3588 780 3656 τούτων
791 3584 871 3675 ὑμῖν
881 3586 984 3656 αύτόν
994 3590 1055 3656 τὸν
1066 3596 1256 3675 Μεγακλεί-

309 3685 371 3766 δην
382 3678 533 3768 μάρτυρα
545 3688 732 3773 παρέξομαι.
