3159 4409
499 560 503 565 .
568 472 849 563 Επεενολω
866 507 911 564 1v.
936 506 993 561 v.·
1035 484 1038 489 ’
1181 501 1242 565 405

296 660 416 745 λόγους
433 657 492 739 οὓς
509 659 572 746 ε’γά
591 662 664 746 περὶ
687 667 750 727 σοῦ
769 658 852 745 πρὸς
874 659 1020 740 ἀπαντας
1041 659 1242 747 ἀνθρώπους

295 764 426 842 ἔλεγον,
447 758 608 836 πεπεικως
624 756 765 844 ἐμαυτὸν
783 756 893 844 ἀληθῆ
912 762 1036 845 λέγειν,
1059 758 1121 827 οὐκ
1133 762 1168 827 ἐκ
1180 767 1241 827 τοῦ

269 860 548 941 ηπεπλησιακένοιι
566 873 617 923 σοι
634 871 752 942 πεῖραν
768 861 867 942 ἔχων,
890 853 964 924 ἀλλ’
984 853 1073 939 ὁρῶν
1084 854 1134 924 ὅτι
1145 857 1240 943 δόξης

294 953 519 1037 ἐπιτυγχάνων
539 956 594 1021 καὶ
615 959 765 1022 παιδείαν
786 952 961 1040 ἀπεδέχου,
983 956 1038 1022 καὶ
1055 962 1157 1021 ταῦτα
1174 950 1236 1021 ἀπδ

293 1059 351 1136 τῆς
360 1051 538 1129 Πλάτωνος
555 1056 737 1139 διατριβῆς,
759 1052 843 1139 ἥπερ
860 1055 949 1122 ἐστὶν
966 1051 1010 1132 ἀς
1027 1051 1238 1139 ἀληθῶςτοῐν
1342 1070 1344 1074 ’

293 1148 354 1234 μέν
368 1149 660 1236 πλεονεκτημάτων
674 1154 728 1219 καὶ
744 1160 813 1218 των
824 1155 897 1235 περὶ
909 1159 1011 1218 ταῦτα
1023 1151 1237 1237 σοφισμάτων

292 1250 362 1331 ἔξω,
373 1254 434 1314 τοῦ
444 1255 614 1334 βελτίστου
626 1253 661 1317 δὲ
672 1251 797 1317 καὶτοῦ
809 1249 1017 1316 δικαιοτάτου
1028 1246 1128 1316 πάνθ’
1141 1251 1237 1333 ἕνεκα

291 1347 504 1431 ἐξητασμένη·
525 1338 566 1433 ἧς
582 1346 627 1433 μά
642 1345 892 1435 τοδςθεούςτῷ
905 1345 1097 1432 μετασχόντι
1106 1346 1149 1432 μη
1164 1343 1237 1431 οὐχὶ

291 1441 448 1523 ἀψευδεῖν
467 1442 625 1530 καὶπρὸς
645 1443 793 1522 ἅπαντας
813 1442 929 1529 ἀγαθῷ
954 1443 1039 1511 ε’ίναι
1061 1441 1121 1536 οὐχ
1142 1442 1236 1512 ὅσιον

265 1538 439 1627 4ηγοῦμαι.
461 1538 628 1623 γένοιτοδ
639 1540 684 1607 ἀν
693 1567 749 1626 μοι
759 1539 892 1608 κάκεῖνο
903 1548 972 1608 τῶν
980 1542 1233 1625 χαλεπωτάτων·

290 1645 321 1707 εί
334 1637 398 1725 γάρ
416 1637 575 1725 άρμηκάς
590 1638 664 1706 κατ’
681 1639 825 1727 έμαυτδν
843 1637 1001 1717 εὐνοϊκῶς
1014 1645 1099 1725 ἔχειν
1111 1660 1163 1707 σοι
1173 1638 1234 1726 την

289 1742 441 1806 ἐναντίαν
450 1738 588 1824 γνώμην
596 1746 789 1825 μεταλαβεῖν
798 1736 1054 1824 ἀναγκασθείηυ,
1067 1736 1137 1825 δίδη
1147 1735 1234 1806 ὑπο-

290 1835 467 1922 λαμβάνων
487 1844 724 1919 παρεωράσθαι
745 1839 801 1903 καὶ
821 1844 1079 1923 πεφενακίσθαι,
1103 1833 1167 1905 κάν
1187 1836 1231 1925 μη

263 1940 360 2017 σφω,
377 1933 485 2019 νόμιζε
496 1933 602 2013 οὕτως
613 1936 705 2014 ἕξειν.
738 1941 769 2003 εί
778 1935 814 2004 δέ
826 1934 919 2022 ἡμῶν
929 1935 1232 2023 καταπεφρόνηκας,

289 2028 417 2099 ὅτιτῶν
427 2034 567 2120 πρώτων
579 2032 641 2102 οὐκ
652 2036 750 2121 ἐσμέν
761 2058 828 2119 πω,
840 2034 970 2119 λόγισαι
980 2032 1030 2102 ὅτι
1040 2036 1095 2103 καὶ
1108 2035 1152 2101 ου’
1163 2031 1232 2101 ποτ’

286 2121 378 2213 ἦσθα
387 2133 461 2208 νέος
471 2134 526 2199 καλ
536 2132 597 2218 την
607 2131 737 2220 ἡλικίαν
748 2132 829 2218 εἶχες
839 2130 882 2218 ἣν
891 2131 982 2219 ἡμεῖς
993 2142 1067 2217 νῦν,
1078 2136 1114 2200 ἐκ
1126 2133 1160 2199 δὲ
1172 2138 1232 2199 τοῦ

289 2227 529 2311 συμβουλεύειν
540 2233 593 2295 καὶ
604 2231 757 2311 πράττειν
766 2236 938 2317 γεγένησαι
948 2240 1146 2318 τηλικοῦτος.
1167 2226 1233 2297 κάν

287 2321 368 2410 ἡμῖν
375 2330 473 2391 τοῦτο
485 2333 636 2412 συμβαίη.
666 2326 703 2394 τδ
721 2328 781 2413 μὲν
791 2327 854 2416 γάρ
867 2321 906 2395 εά
915 2328 1135 2415 βουλεύεσθαι
1146 2328 1233 2411 πάρ-

288 2441 372 2504 εστι,
393 2426 450 2506 τῆς
467 2422 502 2489 δὲ
518 2422 616 2509 τύχης
630 2426 924 2512 συλλαμβανούσης
941 2427 996 2492 καὶ
1012 2422 1156 2508 τοίίργον
1172 2425 1228 2508 γέ-

286 2515 369 2587 νοιτ’
388 2518 439 2587 ἀν.
471 2518 570 2599 καλὰς
590 2515 652 2590 οὖν
672 2528 787 2610 ἔρανος
803 2524 895 2611 χάρις
911 2528 1032 2591 δικαία·
1055 2519 1098 2607 ἣν
1114 2524 1167 2587 καλ
1185 2506 1227 2587 συ
1240 2521 1307 2576 1491

258 2625 418 2703 ὅποίησαι
429 2616 512 2702 πρὸς
522 2621 584 2704 έμέ.
607 2624 659 2688 καί
672 2620 745 2708 μηδ’
756 2620 812 2707 ὑφ’
825 2620 898 2700 ἕνός
908 2629 974 2689 τῶν
986 2628 1048 2687 σοῦ
1059 2620 1230 2706 φρονούν-

285 2742 352 2784 των
368 2731 479 2802 χεῖρον
495 2716 578 2804 ἀγου
594 2718 676 2806 μηδὲ
689 2717 791 2806 ἡττώ,
814 2716 887 2788 ἀλλ’
900 2724 1044 2797 ἐκείνους
1057 2717 1116 2803 ἀγε
1126 2717 1228 2784 ἐπῖτδι

286 2817 337 2882 σοὶ
352 2820 532 2884 δοκοῦντα·
554 2819 609 2886 καὶ
625 2826 745 2903 πρᾶττε
768 2817 872 2896 οὕτως
893 2818 981 2896 ὅπως
1001 2815 1140 2903 μηδενὸς
1162 2824 1229 2881 τῶν

286 2909 560 3002 ὁμολογηθέντων
582 2925 811 3003 στερηθῶμεν,
835 2915 909 2985 ἀλλ’
924 2916 1073 3004 Ἐπιτίμῳ
1097 2916 1229 2999 γένηται

285 3020 428 3098 σωτηρία
446 3041 493 3093 τις
509 3018 563 3083 καὶ
575 3014 743 3101 ἀπαλλαγὴ
760 3024 827 3084 τῶν
838 3018 1014 3084 κινδύνων.
1047 3016 1228 3098 παρέσομαι

283 3106 315 3177 δ’
340 3115 385 3189 είς
406 3112 465 3178 τόν
481 3113 604 3198 χρόνον
619 3110 728 3198 κάγιδ,
749 3112 834 3183 καθ’.
848 3112 888 3181 δυ
905 3116 948 3181 σύ
966 3112 1032 3201 φης
1048 3102 1165 3196 κάιρὸν
1181 3111 1227 3178 εί-

281 3234 347 3328 νμι.
379 3210 509 3296 γράψας
525 3215 563 3278 δέ
571 3238 626 3298 μοι
637 3215 783 3299 πέμψον,
804 3209 891 3300 η’καὶ
902 3210 945 3291 ὡς
956 3220 1041 3301 φίλῳ
1053 3214 1224 3278 ἐπίστελλε.

283 3330 418 3391 ευτυχει.

641 3522 884 3531 ----...--
