3159 4409
354 457 419 521 τοι
603 452 1046 532 [Λιιωοεοειιονει

357 631 453 700 οινεῖ,
471 616 525 683 καὶ
536 617 671 698 νομίζω,
688 619 805 696 καίπερ
816 608 915 677 οῦδὲν
927 615 1101 697 μετέχοντα
1112 620 1177 680 τοῦ
1190 614 1306 698 αἰσχῦ-

357 724 486 798 νεοθαι,
498 710 715 797 μετριώτερον
726 706 828 776 αὑτὸν
839 708 1000 792 ποιήσειν·
1020 706 1101 794 ὑμῖν
1111 709 1147 778 δὲ
1159 717 1227 777 τοῦ
1237 738 1306 778 αοι-

358 823 401 902 νῇ
418 812 645 897 συμφέροντος
666 809 762 874 ἕνεκα
782 806 945 892 βούλομαι
964 804 1007 873 δι’
1030 810 1228 894 ἐπιστολῆς,
1250 806 1306 887 οὑς

357 908 567 995 περὶτούτων
578 911 638 990 ἔχω
650 903 784 988 λόγους,
801 908 954 988 δηλῶσαι.
985 901 1033 981 οἷς
1041 904 1135 972 πάνυ
1145 903 1213 986 τὸν
1223 914 1307 973 νοῦν

358 1010 570 1095 προσέχοντες
587 1001 761 1079 άιιοὺσατε·
798 1000 888 1087 οἶμαι
909 999 975 1088 γάρ4
990 998 1113 1080 αὑτοὺς
1125 1000 1316 1089 οῦκάιιοης

358 1106 478 1193 μόνον,
492 1099 574 1170 άλλά
586 1102 639 1167 καὶ
651 1099 779 1185 μνήμης
789 1096 898 1179 α’ξίους
910 1098 1001 1166 εἶναι.

329 1229 347 1280 3
436 1194 1182 1287 ’14)γὺτήνπόλιντηνὺμετέρανεῦτυχεστάτηυ
1192 1209 1306 1268 πασῶν

357 1301 488 1369 πόλεων
509 1295 732 1383 ὑπολαμβάνω
747 1299 803 1363 καὶ
818 1297 1078 1382 θεοφιλεστάτην
1086 1346 1097 1381 ,
1124 1300 1187 1367 καὶ
1201 1304 1356 1382 ΙταῦταΙίθ

357 1398 430 1467 οἰδα
446 1400 500 1466 καὶ
516 1396 575 1464 τὺν
586 1401 652 1464 Δία
667 1392 728 1461 τὺν
738 1398 942 1467 Δωδωναῖον
958 1392 1086 1479 καὶτην
1095 1396 1245 1483 Διώνην
1254 1398 1303 1465 ιιαὶ

355 1496 568 1565 τὺνἈπόλλω
584 1492 644 1562 τὸν
652 1492 786 1560 Πύθιον
804 1490 853 1559 ἀεὶ
871 1496 1022 1576 λέγοντας
1038 1495 1074 1567 ἐν
1085 1507 1159 1570 ταῖς
1171 1501 1303 1579 μαντεί-

312 1627 316 1638 ¹
356 1622 423 1682 αις,
441 1597 496 1662 καὶ
506 1593 923 1680 προσεπισφραγιζομένους
931 1590 992 1675 τὴν
1003 1589 1137 1675 άγαθηυ
1150 1594 1259 1680 τύχην
1269 1596 1301 1660 έν

354 1702 396 1780 τῇ
414 1694 506 1760 πόλει
523 1693 605 1760 εἶναι
615 1689 694 1777 παρ’
706 1688 793 1776 ὑμῖν.
827 1687 889 1755 ὅσα
898 1695 1012 1755 τοίνυν
1022 1691 1096 1774 περὶ
1107 1691 1302 1760 τῶνέπιόν-

356 1818 424 1858 των
440 1796 598 1876 δηλοῦσιν
615 1793 648 1857 οἱ
661 1790 750 1873 θεοί,
773 1792 875 1873 δῆλον
892 1784 936 1864 ῦς
955 1788 1171 1869 προλέγουσι·
1196 1787 1256 1865 τάς
1271 1784 1299 1851 δ’

355 1886 418 1953 άπό
435 1894 502 1953 τῶν
519 1886 796 1971 προεληλυθότων
811 1885 1098 1979 προσηγορίαις-ἐπὶ
1113 1900 1189 1965 ταῖς
1207 1911 1300 1971 γεγο-

326 1988 459 2059 4νυίαις
476 1983 610 2065 πράξεσι
627 1990 782 2049 τίθενται.
810 1979 837 2047 ά
852 1988 965 2055 τοίνυν
981 1980 1048 2070 ἐγιὺΙ
1062 1992 1300 2069 πεπολίτευμαι

354 2077 431 2161 παρ’
446 2075 539 2164 ὑμῖν,
559 2078 697 2165 τῦνῆὑη
709 2085 936 2163 γεγενημένων
947 2079 1048 2163 ἐστὶν,
1065 2077 1128 2165 ὑφ’
1142 2078 1293 2150 ὦνεῦτυ-

352 2191 417 2262 χεῖς
434 2173 518 2261 ὑμᾶς
533 2176 837 2263 προσηγορεύκασιν
856 2180 889 2243 oc
897 2176 980 2243 θεοί.
1012 2186 1082 2255 πῶς
1093 2171 1162 2246 οῦν
1175 2186 1295 2249 δίκαιον

353 2273 430 2355 τοῦς
441 2274 501 2361 μέν
511 2279 704 2353 πεισθέντας
714 2272 857 2360 εὑτυχεῑς
868 2272 1097 2362 ὀνομάζεσθαι,
1108 2274 1174 2345 τὸν
1187 2280 1223 2347 δὲ
1232 2284 1297 2345 πεί-

356 2392 458 2441 σαντα
469 2380 532 2459 ’τῆς
547 2378 695 2452 ἐναντίας
711 2380 931 2459 προσηγορίας
946 2374 1138 2459 τυγχάνειυ;
1163 2376 1253 2465 πλην
1273 2382 1299 2442 εί

354 2471 454 2539 τοῦτό
464 2497 512 2549 τις
522 2481 621 2557 είποι,
634 2469 693 2556 την
704 2470 764 2557 μὲν
774 2468 892 2556 κοινὴν
903 2468 1071 2557 εῦτυχίαν,
1086 2465 1127 2559 ἧς
1138 2476 1207 2559 ἐγώ
1218 2475 1298 2561 σῦμ-

355 2578 489 2658 βουλος,
510 2570 612 2651 θεοὺς
626 2568 704 2647 τοὺς
715 2572 869 2655 λέγοντας
880 2568 977 2655 εἶναι,
996 2565 1044 2648 οἷς
1053 2570 1095 2636 οῦ
1106 2574 1209 2658 θέμις
1219 2574 1297 2653 φεῦ-

323 2742 327 2753 .
358 2673 492 2752 ὑεσθαι,
512 2669 574 2752 τὴν
585 2666 616 2734 δ’
630 2666 717 2735 ίδίαν
726 2674 954 2754 βλασφημίαν,
975 2660 1078 2755 ᾐκατ’
1094 2673 1182 2757 ἐμοῦ
1193 2678 1301 2758 κέχρη-

355 2792 409 2833 ται
430 2770 637 2853 Θηραμένης,
668 2767 802 2850 θρασὺυ
823 2768 878 2833 καὶ
898 2763 1017 2852 ἀναιδῆ
1035 2766 1090 2833 καὶ
1113 2766 1197 2838 οὐδὲ
1218 2777 1299 2855 νοῦν

354 2862 461 2950 ἔχοντ’
473 2864 655 2954 ἄνθρωπον
666 2869 837 2953 εἰρηκέναι.

327 2991 344 3042 5
439 2960 490 3030 Οῦ
506 2968 621 3030 τοίνυν
637 2961 742 3047 μόνον
756 2977 826 3041 ταῖς
842 2964 930 3049 παρά
946 2969 1014 3030 των
1030 2971 1122 3031 θεοῖν
1132 2960 1300 3051 μαντείαις

355 3057 488 3146 άγαθην
504 3053 610 3127 οὖσαν
621 3057 773 3146 εὑρήσετε
783 3051 806 3148 ᾗ
816 3067 976 3147 κέχρησθε
987 3061 1083 3148 τύχη,
1105 3062 1193 3133 άλλά
1205 3069 1300 3145 ααὶέξ

354 3154 467 3226 αῦτοίν
482 3152 550 3224 τῶν
569 3162 675 3242 ἔργων
690 3165 913 3243 θεωροῦντες,
935 3155 977 3226 άν
993 3153 1159 3247 ἐξετάζητε
1178 3161 1299 3251 ὀρθῶς.

353 3253 447 3339 ὑμεῖς
462 3255 526 3341 γάρ
543 3261 573 3322 εί
587 3258 648 3341 μὲν
659 3254 703 3335 οἱς
713 3256 934 3344 άνθρωποιτά
945 3258 1118 3344 πράγματα
1129 3263 1298 3345 βούλεσθε

353 3360 505 3438 θεωρεῖν,
518 3351 754 3441 εῦτυχεστάτην
765 3352 917 3443 εὑρήσετε
928 3353 982 3441 ἀφ’
996 3348 1044 3423 οὑν
1055 3355 1119 3441 έγῦ
1131 3361 1300 3449 συνεβοῦ·

353 3456 454 3516 λευσα
464 3448 525 3534 τὴν
535 3452 634 3519 πόλιν
642 3468 833 3538 γεγονυῖαν·
856 3459 885 3521 εί
895 3451 926 3524 δ’
940 3451 1037 3532 άτοίς
1047 3464 1138 3534 θεοῖς
1148 3444 1295 3543 έξαίρεθ’

352 3545 491 3632 ὑπάρχει
501 3548 630 3638 μόνοις,
647 3551 774 3619 τούτων
784 3550 935 3648 άξιοίσετε
952 3554 1143 3640 τυγχάνειν,
1169 3556 1297 3625 άὺυνά·

325 3667 418 3721 στων
435 3649 578 3731 ἐφίεσθε.
608 3653 643 3716 τί
650 3640 712 3716 οῦν
722 3653 790 3742 ἐστι
800 3659 890 3731 θεοῖς
901 3654 1078 3743 ἐξαίρετον,
1101 3650 1296 3741 ἀνθρώποις

289 3819 410 3901 ἢ,
