3159 4409
548 487 687 575 ηΡοΣ
707 457 1012 550 ΛΕαΧΑΡΗΝ.
1127 494 1160 575 '.
1218 490 1260 554 ιε

307 651 369 728 ἕως
381 646 400 718 ὁ
412 647 610 734 Λεωκράτης
626 649 663 714 έν
679 654 727 733 τῷ
737 655 818 736 οἰκω
829 655 876 737 τῷ
889 645 1062 733 Ἀρχιάδου
1072 653 1269 734 έγκαταλει.

308 750 408 833 φδεὶς
418 745 492 826 υἰός
502 743 731 832 τετελεύτηκεν
742 744 850 823 άπαις.
871 745 996 812 τούτου
1008 750 1043 814 δὲ
1054 745 1193 828 άπαιδος
1202 775 1258 818 τε-
1266 762 1335 818 1088

306 847 539 932 τελευτηκότος
553 843 712 930 άξιούμεν
727 841 821 930 ἡμεῖς
831 848 867 911 οἰ
880 847 969 928 γένει
987 848 1153 929 ἐγγυτάτω
1164 845 1258 927 ὅντες

303 943 459 1031 Ἀρχιάδῃ
469 952 689 1029 κληρονομεῖν
700 949 757 1029 τῆς
768 939 900 1028 ούσίας,
918 946 973 1011 καί
991 940 1093 1034 μήτῷ
1109 955 1258 1014 τετελευ-

306 1044 418 1129 τηκότι
428 1050 476 1132 τῷ
486 1040 579 1131 αύτῷ
590 1047 764 1130 εἰσποιητῷ
778 1039 851 1108 ὄντι
861 1039 938 1109 υἰὸν
950 1046 1107 1110 εἰσποιεῖν
1118 1040 1165 1109 ἐπ’
1173 1041 1263 1112 άπο-’

261 1163 298 1215 25
308 1143 458 1230 στερήσει
468 1150 537 1209 τῶν
546 1139 725 1227 ἡμετέρων.
756 1145 787 1208 εἰ
803 1139 864 1225 μὲν
880 1137 946 1225 γάρ
956 1138 1058 1218 αὐτὸς
1068 1145 1132 1221 ζων
1143 1142 1258 1229 ἐποιή-

308 1245 522 1326 σατο,καίτιερ
534 1237 631 1318 ὄντος
642 1236 731 1323 παρά
741 1237 801 1306 τὸν
811 1239 918 1324 νόμον
927 1247 989 1306 τού
999 1243 1110 1325 ἔργον,
1122 1237 1185 1307 ούκ
1196 1238 1259 1308 άν-

307 1343 494 1428 τιλέγομευ·
517 1336 627 1424 ἐπειδή
646 1335 677 1405 δ’
689 1334 768 1404 οὔτε
784 1341 874 1431 γένει
888 1329 932 1423 ήν
949 1334 1041 1424 αύτῷ
1057 1335 1130 1416 υἰός
1149 1334 1258 1418 ούδείς

307 1437 374 1507 οὔτ’
386 1440 561 1526 ἐποιήσατο
573 1443 654 1522 ζων,
672 1434 739 1505 ὅδὲ
752 1437 855 1521 νόμος
870 1449 938 1513 τοῖς
954 1435 1120 1521 ἐγγυτάτω
1137 1438 1257 1520 γένους
1314 1464 1317 1475 ·

306 1535 364 1616 τάς
386 1544 607 1624 κληρονομίας
630 1534 830 1617 άποδίδωσι,
860 1542 929 1612 πῶς
954 1530 995 1601 ού
1017 1538 1140 1600 δίκαιοί
1157 1536 1256 1621 έσμευ

259 1655 296 1709 26
305 1635 398 1722 ἡμεῖς
408 1637 549 1734 τούτων
556 1636 599 1719 μή
620 1632 893 1719 ἀπο-στερηθῆναι
909 1629 976 1700 κατ’
990 1630 1177 1721 άμφύτερα;
1197 1635 1255 1702 καὶ

304 1734 370 1820 γάρ
382 1743 431 1822 τῷ
439 1731 607 1820 Ἀρχιάδη,
622 1725 665 1799 ού
677 1725 752 1818 ήνὴ
764 1729 861 1800 ούσία
871 1730 909 1801 τύ
921 1735 953 1812 ἐξ
963 1730 1074 1820 άρχής,
1086 1733 1254 1819 ἐγγυτάτω

303 1835 394 1919 γένει
405 1835 503 1919 ἐσμὲν
514 1836 568 1900 καί
579 1841 626 1922 τῷ
636 1838 811 1921 εἰσποιητῷ
820 1831 1024 1917 Λεωκράτει·
1046 1830 1254 1917 τοῦμέυγάρ
1334 1857 1336 1860 ·

304 1929 323 1999 ὁ
341 1929 448 2017 πατήρ
465 1929 721 2018 ἐπανεληλυδάς
738 1937 785 2010 εἰς
810 1928 890 2011 τούς
905 1929 1124 2011 Ἐλευσινίους
1144 1929 1254 2000 οὐκέτι

303 2029 367 2116 τὴν
382 2028 464 2098 κατά
481 2028 541 2098 τὸν
559 2029 666 2116 υύμον
681 2030 865 2116 οἰκειότητα
882 2035 1012 2098 ἔλειπεν
1031 2027 1139 2120 αύτῷ,
1160 2029 1254 2117 ἡμεῖς

305 2129 350 2213 δὲ,
362 2126 434 2214 παρ’
449 2125 497 2207 οἷς
508 2121 552 2215 ήν
562 2133 657 2216 ἐντῷ
667 2132 767 2215 γένει,
779 2131 843 2216 τήν
855 2127 1121 2217 ἀναγκαιοτάτην
1132 2130 1254 2215 συγγέ-

304 2254 398 2296 νειαν
418 2238 564 2315 είχομεν,
587 2228 680 2307 ὄντες
702 2226 879 2308 ἀνεψιαδοῖ
896 2232 1020 2315 ἐκείνω.
1056 2225 1129 2297 ὥστ’
1147 2234 1178 2296 εἰ
1192 2228 1254 2313 μὲν

304 2327 433 2414 βούλει,
455 2333 516 2394 τού
534 2325 707 2414 Ἀρχιάδου
718 2342 889 2412 συγγενεῖς
900 2325 993 2405 ὄντες
1003 2325 1161 2412 άξιούμεν
1171 2335 1254 2410 κλη-

305 2442 477 2514 ρονομεῖυ,
505 2432 534 2493 εί
550 2430 586 2493 δὲ
607 2426 736 2512 βούλει,
753 2423 1070 2509 ποῦ’Λεωκράτους·
1103 2430 1253 2490 τετελευ-

302 2525 439 2611 τηκότος
466 2523 530 2611 γάρ
558 2523 697 2602 άπαιδος
720 2519 827 2589 άύτοῦ
844 2520 953 2601 ούδείς
972 2517 1069 2607 ἡμῶν
1088 2524 1254 2607 γένει-ἐγ-

259 2627 430 2710 ῖῖγυτέρω
448 2627 524 2691 ἐστί.
558 2626 614 2691 καί
631 2620 685 2690 διά
703 2621 764 2711 μὲν
782 2621 835 2706 σὲ,
859 2613 1107 2707 άΛεάστρατε,
1128 2619 1145 2688 ὁ
1163 2619 1254 2700 οἰκος

303 2723 521 2810 ἐξηρήμωται·
550 2731 608 2809 τῆς
625 2719 689 2808 γάρ
709 2719 825 2800 ούσίας
834 2722 897 2808 τήν
907 2720 1093 2810 οἰκειότητα
1100 2771 1109 2805 ,
1132 2719 1253 2788 ούτάν

303 2819 438 2906 άνδρων
448 2824 517 2889 τῶν
526 2824 756 2908 ποιησαμένων
765 2822 931 2908 διετήρεις.
951 2823 1013 2900 ἕως
1021 2822 1082 2907 μέν
1092 2846 1130 2906 γε
1140 2827 1254 2888 τελευ-

302 2921 464 3007 τήσαντος
474 2921 597 2989 τούτου
608 2918 717 3000 οὐδεὶς
729 2917 931 3009 ἡμφισβήτει
948 2929 1010 2988 τοῦ
1026 2921 1169 3008 κλήρου,
1192 2916 1253 2985 ού-

303 3021 383 3087 δένα
395 3026 564 3101 εἰσεποίεις
573 3027 619 3111 τῷ
627 3017 779 3108 Ἀρχιάδη
790 3020 883 3088 υίύυ·
901 3017 1012 3105 ἐπειδή
1026 3016 1057 3086 δ’
1066 3017 1158 3105 ἡμεῖς
1169 3036 1252 3102 συγ-

267 3120 272 3127 ”
301 3133 407 3203 γενεῖς
418 3116 747 3204 ὄντεςήκομενείςτὸ
761 3121 879 3206 μέσον,
897 3124 1077 3206 τηνικαῦτα
1088 3124 1250 3203 εἰσποιεῖς,

301 3221 357 3284 ἵνα
367 3216 430 3304 τήν
441 3215 559 3285 ούσίαυ
570 3218 741 3304 κατάσχης.
768 3221 823 3285 καὶ
841 3217 906 3305 φής
922 3217 983 3302 μὲν
999 3213 1100 3284 οὐδὲν
1111 3215 1252 3304 εἶναιτῷ

300 3316 469 3402 Ἀρχιάδη,
487 3314 569 3398 πρὸς
580 3312 621 3382 δυ
633 3315 861 3404 εἰσεποιήθης,
880 3321 1109 3402 διαμαρτυρεῖς
1120 3319 1156 3386 δὲ
1167 3314 1251 3402 πρὸς

300 3411 397 3501 ἡμᾶς,
410 3414 446 3480 τὸ
459 3410 729 3501 ὁμολογούμενον
740 3418 837 3500 γένος
847 3413 1047 3493 ἐξελαύνων·
1070 3420 1102 3482 εἰ
1109 3413 1174 3500 γάρ
1185 3440 1249 3499 μη-
1256 3429 1325 3488 1089

301 3516 358 3581 δέν
369 3517 459 3581 ἐστιν
470 3516 564 3602 έντῷ
575 3524 672 3604 ολκιμ,
691 3520 725 3581 τί
739 3513 782 3580 σύ
791 3516 924 3592 ,ἐλαττοῖ
930 3519 990 3579 τοῦ
1001 3510 1143 3599 μηδενὸς
1153 3509 1249 3596 ἡμῶν

257 3611 641 3698 γεκληρονομησάνιωνς
663 3611 748 3681 άλλά
766 3610 830 3697 γάρ
849 3608 868 3697 ἡ
888 3607 1035 3678 άναίδεια
1052 3607 1248 3696 καίἡπλεο-
1343 3600 1349 3608 χ

301 3716 390 3789 υεξία
400 3709 535 3797 τοιαύτη
546 3712 636 3779 ἐστὶν
647 3709 769 3795 αὐτοῦ,
795 3701 957 3796 άάνδρες
974 3709 1140 3790 δικασταὶ,
1163 3702 1244 3774 ὥσθ’
