3159 4409
313 498 378 565 ειν
497 501 587 559 mn.
625 448 1077 574 [Διιωοεοααοομ]

315 687 395 740 νους
405 658 561 728 τουτουσὶ
571 655 654 726 κατά
663 655 742 737 τοὺς
751 653 878 744 νόμους
894 659 1059 725 ἐπιθεῖναι
1073 661 1189 742 δίκην,
1212 658 1270 724 έᾶ-
1278 672 1309 726 13

314 779 385 838 σαι;
402 755 476 843 οὐκ,
488 755 533 824 ἀν
544 782 581 841 γε
593 761 798 843 σωφρονῆτε.
827 759 901 840 λέγε
911 752 974 841 τήν
984 754 1116 849 στήλην.

703 859 876 922 ΣΤΗΛΗ.

269 973 302 1029 57
397 957 480 1040 Περὶ
496 953 557 1039 μέν
575 945 639 1020 οάν
655 961 723 1021 τῶν
739 951 853 1044 νόμων
863 954 918 1021 καί
928 960 990 1020 τοῦ
1000 948 1263 1038 πράγματοςοάιι

315 1053 377 1124 οἶδ’
398 1053 416 1122 ὅ
434 1080 465 1121 τι
481 1058 534 1121 θεῖ
541 1058 640 1121 πλείω
651 1055 775 1136 λέγειν·
799 1055 921 1131 ἱκανῶς
929 1053 994 1138 γάρ
1005 1077 1064 1138 μοι
1072 1057 1199 1120 δοκεῖτε
1208 1077 1267 1137 με·

315 1158 512 1241 μαθηκέναι.
541 1151 704 1240 βούλομαι
715 1152 752 1219 δὲ
763 1153 894 1236 δεηθεὶς
905 1148 1001 1237 ὑμῶν
1011 1149 1051 1218 τά
1062 1146 1268 1234 δίκαιαῦπὲρ

315 1255 460 1339 ἐμαυτοῦ
476 1254 607 1320 καὶτοῦ
623 1248 746 1335 πατρὸς
761 1256 974 1336 καταβαίνειν
989 1253 1045 1319 καὶ
1060 1249 1105 1337 μή
1124 1252 1268 1336 ἐνοχλεῖν

316 1350 405 1438 ὑμῖν.
438 1349 504 1436 έγῶ
515 1348 595 1436 γάρ,
614 1341 774 1436 ῶάνβρες
786 1352 951 1435 δικασταὶ,
966 1356 1108 1437 βοηθεῖν
1118 1348 1268 1434 οἰόμενος

317 1454 388 1519 δεῖν
404 1457 452 1540 τῶ
469 1451 567 1533 πατρὶ
579 1450 634 1517 καὶ
645 1455 743 1524 τοῦτο
756 1452 885 1515 δίκαιον
895 1445 978 1515 εἶναι
988 1452 1131 1532 νομίζων
1142 1443 1205 1534 τήν
1215 1451 1269 1514 έν-

269 1555 304 1610 58
318 1555 419 1629 θειξιν
432 1549 558 1634 ταύτην
569 1547 790 1634 ἐποιησάμην,
804 1544 914 1631 ῶσπερ
925 1549 958 1626 ἐξ
970 1545 1072 1633 ἀρχῆς
1083 1543 1194 1632 εἶπον,
1206 1543 1266 1613 οάκ

317 1647 450 1734 ἀγνοῶν
467 1646 544 1717 οὔτε
566 1646 644 1725 τούς
664 1654 872 1734 βλασφημεῖν
891 1671 931 1730 με
952 1646 1196 1733 βουλομένους,
1218 1643 1267 1711 ὅτι

316 1748 436 1832 λόγους
457 1744 637 1833 εὑρήσουσι
657 1744 736 1824 τοάς
756 1749 995 1832 διαβαλοῦντας
1014 1741 1077 1830 τήν
1097 1740 1181 1829 ἐμήν
1198 1741 1267 1829 412⁶-

315 1834 408 1930 κίαν,
429 1844 505 1913 οὔτε
516 1843 595 1923 τοάς
607 1847 881 1930 ἐπαινεσομένους
891 1847 945 1912 καὶ
959 1857 1148 1929 σωφρονεῖν
1159 1869 1201 1930 με
1211 1869 1267 1911 νο-

316 1951 492 2031 μιοῦντας,
511 1942 609 2011 είτὸν
619 1942 744 2030 ἐχθρὸν
754 1942 950 2027 τοῦπατρὸς
960 1954 1177 2031 τιμωρεῖσθαι
1187 1967 1267 2030 προ-

260 2095 261 2098 ,
316 2049 488 2128 αιροῶμαι·
510 2041 583 2110 ἀλλ’
601 2040 788 2128 ἡγούμενος
806 2050 909 2109 ταῦτα
927 2047 988 2128 μὲν
1006 2042 1112 2122 οὕτως
1123 2041 1215 2121 ὅπως
1226 2037 1266 2108 ἀν
1300 2087 1304 2095 ·

315 2143 398 2231 τύχη
409 2140 498 2227 παρὰ
510 2157 577 2221 τοῖς
587 2140 812 2228 ἀκροωμένοις
823 2140 1071 2228 συμβήσεσθαι,
1093 2143 1167 2226 ἐμοὶ
1183 2139 1264 2208 δὲτὸ

316 2242 526 2328 προσταχθέν
536 2239 602 2310 ὑπὸ
615 2249 677 2309 τοῶ
688 2239 828 2328 πατρὸς,
845 2240 952 2320 ἀλλως
962 2268 997 2309 τε
1008 2245 1063 2311 καὶ
1074 2246 1204 2310 δίκαιον
1215 2235 1264 2324 ἀν,

270 2360 304 2414 59
316 2339 408 2408 τοῦτ’
421 2340 505 2410 εἶναι
517 2346 681 2428 ποιητέον.
709 2342 787 2410 πότε
801 2341 865 2429 γάρ
877 2368 917 2427 με
930 2344 985 2409 καὶ
994 2346 1046 2409 ’θεῖ
1054 2348 1196 2428 βοηθεῖν
1206 2337 1266 2407 αά-

284 2436 287 2441 “
314 2448 376 2530 τῶ;
399 2437 459 2526 οὐχ
476 2438 558 2508 ὅταν
569 2437 589 2526 ἡ
601 2441 663 2527 μέν
674 2448 812 2527 τιμωρία
827 2438 911 2508 κατά
921 2438 1002 2518 τοὺς
1014 2439 1137 2526 νόμους
1146 2431 1179 2528 ᾖ,
1192 2464 1266 2525 μετ-

315 2542 400 2625 έχων
419 2537 452 2606 δ’
470 2537 571 2618 αὐτὸς
588 2541 741 2626 τυγχάνω
751 2547 809 2626 τῆς
819 2547 882 2607 τοά
892 2537 1015 2626 πατρὸς
1032 2537 1184 2625 ἀτυχίας,
1206 2537 1266 2625 μά-

314 2662 372 2714 νος
384 2628 450 2724 δ”ή
460 2640 753 2724 καταλελειμμένος
764 2636 780 2706 ὁ
794 2638 918 2724 παιήρ;
929 2636 1010 2724 ὅπερ
1022 2646 1087 2706 νῦν
1099 2641 1266 2726 συμβέβη-

314 2760 382 2804 κεν.
414 2732 497 2821 πρὸς
515 2732 579 2821 γάρ
599 2751 667 2817 τοῖς
679 2737 790 2815 ἀλλοις
802 2736 985 2824 ἀτυχήμασι
994 2739 1049 2806 καὶ
1061 2735 1162 2805 τοῦθ’
1174 2735 1263 2824 ἡμῖν,

314 2826 341 2901 ῶ
369 2831 489 2916 ἀνδρες
511 2835 677 2917 δικασταὶ,
700 2837 936 2921 συμβέβηκεν»
957 2834 1184 2918 παροξύνουσι
1206 2836 1264 2922 μὲν

312 2928 397 3016 ἡμᾶς
407 2929 550 3010 ἀπαντες
560 2933 616 2999 καὶ
628 2933 863 3017 συνάχθεσθαί
871 2953 953 3018 φασι
961 2949 1028 3013 τοῖς
1037 2937 1265 3022 γεγενημένοις

312 3033 369 3097 καὶ
387 3028 479 3097 θεινά
498 3033 704 3098 πεπονθέναι
716 3034 851 3118 λέγουσι
861 3036 915 3101 καὶ
924 3041 1045 3102 τοῦτον
1056 3033 1140 3102 εἶναι
1150 3040 1265 3119 ἔνοχον

311 3137 353 3216 τῇ
370 3132 521 3215 ἐνδείξει,
544 3130 770 3217 συμπράττειν
788 3128 819 3198 θ’
835 3129 944 3211 οὐδεὶς
955 3135 1063 3200 ἐθέλει
1073 3140 1142 3199 τῶν
1153 3133 1266 3200 είπόν-

310 3254 393 3313 των,
416 3227 498 3298 οάθέ
515 3251 618 3317 φησιν
633 3228 885 3316 ἀπεχθάνεσθαι
901 3231 1086 3320 βούλεσθαι
1097 3237 1265 3317 φανερῶς·

314 3324 418 3406 οὕτως
433 3335 570 3398 ἔλαττον
588 3331 677 3417 παρῶ
689 3349 753 3398 τισι
764 3329 801 3398 τὸ
814 3334 944 3398 δίκαιον
955 3330 1060 3415 ίσχάει
1070 3337 1128 3414 τής
1138 3353 1267 3415 παρρη-

267 3445 303 3499 60
312 3430 391 3502 σίας.
413 3436 546 3496 πολλῶν
557 3426 587 3495 δ’
601 3425 696 3516 ήμῖν,
715 3421 1049 3511 ῶάνδρεςθικασταὶ,
1067 3424 1121 3494 θιά
1134 3428 1268 3494 τουτονί

313 3531 496 3612 Θεοκρίνην
506 3525 725 3614 ἀτυχημάτων
735 3532 772 3597 έν
782 3525 846 3597 οὐκ
857 3525 957 3617 ἀλίγφ
969 3526 1086 3616 χράνεμι
1097 3533 1266 3613 συμβεβη-
1274 3533 1309 3594 Ιῖλ

311 3621 436 3708 κόπων,
450 3622 586 3705 οὐδενὸς
597 3628 732 3695 ἔλαττόν
744 3632 810 3695 ἐστι
822 3624 858 3694 τὰ
873 3633 938 3694 νῦν
949 3634 1153 3714 συμβαῖνον,
1165 3624 1218 3695 ὅτι
1227 3622 1266 3693 τά

313 3719 405 3788 ὃεινά
422 3723 476 3790 καὶ
491 3720 531 3790 τά
550 3723 639 3811 παρά
651 3724 729 3804 τοάς
738 3725 864 3813 νόμους
874 3729 1090 3813 πεπραγμένα
1102 3732 1266 3813 Θεοκρίνη
