3159 4409
271 511 337 577 σοι
473 521 476 527 ·
515 507 967 588 [Δειαοεοοωονε]

271 671 317 759 μὴ
328 685 510 757 συγχωρεῖν
520 670 658 739 ἐνδόντα
667 675 709 756 τῇ
718 675 787 735 τῶν
797 666 964 735 πλειόνων
974 666 1109 754 γνάμη,
1121 665 1225 753 ἄλλην

270 769 331 839 τιν’
348 765 392 836 ἂν
407 766 566 849 ὑποψίαν
574 765 648 853 οὑχί
663 770 796 835 δικαίαν
813 769 899 850 ἔχειν
916 770 1045 850 φανείη.
1074 764 1147 849 ἐγω
1165 766 1225 851 μὲν

272 868 321 957 δὴ
326 876 455 937 σιωπᾶν
472 863 516 935 ἄν
533 893 629 954 ωμην
644 868 716 934 δετν
733 867 770 932 έν
785 870 834 953 τῷ
843 862 1000 949 παρόντι,
1026 868 1056 930 εί
1064 865 1224 948 μένοντας

270 966 357 1054 ὑμᾶς
368 965 483 1052 ἑτάρων
493 956 577 1052 ἐφ’
550 992 599 1033 ων
609 969 735 1045 ἔδοξεν·
758 961 875 1048 είμδ
834 988 900 1048 γαρ
910 969 979 1030 τοῖν
991 964 1102 1031 ἐκεῖνα
1111 987 1224 1032 πεπει-

271 1068 401 1151 σμένων
412 1063 623 1150 συμφέρειν
604 1077 702 1149 υμιν
714 1059 906 1148 έπειδὴδ’
885 1085 952 1130 υπο
963 1087 1032 1130 των
1042 1086 1134 1145 παρα
1145 1087 1223 1131 τον-

270 1188 338 1230 των
349 1160 458 1247 λόγων
469 1167 741 1248 μεταβεβλῆσθαί
746 1167 805 1245 μοί
813 1185 901 1238 τινες
911 1158 1124 1246 δοκοῦσιν,
1098 1188 1146 1240 ως
1156 1158 1221 1229 οὔτ’

270 1259 381 1348 ἀληθῆ
401 1262 556 1347 λέγουσιν
571 1257 647 1329 οὔδ’
660 1257 740 1346 ὑμίν
759 1262 992 1346 συμφέροντα,
1010 1268 1090 1338 ι’σως
1105 1260 1223 1345 μένεί-

269 1358 382 1444 δότας,
406 1355 448 1426 οὑ
459 1385 527 1445 μην
540 1356 608 1426 ἀλλ’
623 1364 653 1426 εί
667 1359 724 1427 καὶ
739 1359 919 1442 τυγχάνετε
935 1353 1170 1448 ἀγνοοῦντες,
1174 1362 1222 1426 δι-

271 1456 367 1536 δάξω.
556 1484 560 1490 ·

343 1653 432 1722 Ἔδει
442 1655 514 1742 μὲν,
527 1645 878 1740 ὦάνδρεςἈθηναλοι,
890 1656 946 1721 καὶ
957 1657 1087 1723 δίκαιον
1097 1647 1142 1741 ἦν
1152 1655 1223 1723 τότε

269 1758 400 1819 πείθειν
409 1749 496 1837 ὑμεῖς
512 1749 533 1819 ὅ
549 1749 734 1838 τιάριστον
750 1752 887 1831 ἕκαστος
903 1750 1030 1840 ἡγεῖτο,
1053 1752 1110 1821 ὅτε
1126 1756 1223 1841 ἐβου-

268 1851 408 1918 λεύεσθε
418 1849 455 1917 τδ
468 1857 603 1934 πρῶτον
619 1851 694 1934 περὶ
710 1850 856 1934 τούτων,
876 1851 934 1916 ἵνα
950 1848 995 1935 μὴ
1014 1853 1221 1938 συνέβαινεν,

268 1945 342 2032 άδη
356 1945 417 2014 δύο
428 1945 563 2014 πάντων
573 1950 661 2015 ἐστίν
671 1945 996 2036 άλυσιτελέστατατῇ
1007 1949 1120 2036 πόλει,
1142 1948 1222 2036 μήτε

269 2046 371 2127 πέρας
386 2043 489 2130 μηδὲν
504 2050 591 2130 ἔχειν
605 2052 675 2113 τῶν
694 2041 775 2130 ὑμῖν
785 2043 971 2131 δοξάντων,
993 2044 1219 2130 παρανοίαςδ

270 2140 362 2229 ὑμεῖς
374 2142 652 2229 αατεγιγυάσιιετε
662 2141 759 2230 ὑμῶν
770 2140 883 2211 αὑτων
892 2145 1222 2231 μεταβουλευόμενοι.

269 2243 379 2328 ἐπειδὴ
392 2248 428 2310 δὲ
438 2243 665 2330 σιωπήσαντος
674 2243 749 2310 τότε
759 2251 826 2311 νῦν
835 2243 1008 2327 έπιτιμῶσί
1013 2267 1117 2328 τινες,
1140 2243 1223 2328 βοά-

268 2347 366 2426 λομαι
376 2339 477 2426 μικρά
488 2339 570 2428 πρὸς
580 2339 703 2421 αὑτοὺς
713 2345 825 2409 εἰπεῖν.
846 2338 911 2425 ἐγω
920 2337 985 2424 γὰρ
993 2340 1156 2426 θαυμάζω
1164 2338 1222 2410 τὸν

269 2439 395 2525 τρόπον
412 2446 470 2525 τῆς
485 2447 649 2520 πολιτείας
658 2448 717 2527 τῆς
727 2439 873 2525 τούτων,
895 2446 1023 2524 μάλλον
1034 2436 1067 2506 δ’
1078 2437 1223 2525 ἡγοῦμαι

269 2546 410 2623 φαῦλον.
443 2536 546 2623 εἰγάρ
560 2537 635 2618 έξδν
645 2552 819 2622 παραινεῖν
830 2534 911 2606 ὅταν
921 2545 1081 2623 σκοπῆτε,
1099 2545 1223 2624 βεβου-

268 2639 439 2722 λευμέυων
455 2651 651 2724 κατηγορεῖν
666 2641 855 2723 αἱροῦνται,
877 2641 1221 2724 σνκοφαντωνέργον,

230 2754 232 2761 ·
268 2733 345 2820 οὑχ,
368 2761 413 2813 ως
432 2732 613 2819 φασίν,”
572 2760 684 2800 εννων
702 2741 860 2801 ποιοῦσιν
881 2732 1084 2821 ἀνθρώπων
1115 2732 1223 2822 ἡδέως
1249 2823 1251 2826 y

268 2828 363 2900 δ’άν
373 2835 511 2953 ἐροίμην
522 2830 644 2912 αὑτούς
655 2835 725 2921 (καί
737 2839 897 2921 μηδεμιᾶς
907 2832 1102 2918 λοιδορίας“
1082 2860 1100 2902 ο
1112 2827 1228 2921 μέλλω

267 2928 404 3015 λέγειν’
385 2954 468 3016 αρχη
457 2927 676 3015 γενέσθω)τ
676 2931 746 3018 ίδή
764 2931 870 3001 τάλλα
886 2935 1099 3012 ἐπαινοῦντες
1112 2941 1223 3002 Λαιιε-

268 3025 519 3115 δαιμονίους,
499 3055 517 3096 ο
538 3029 682 3115 μάλιστα
701 3029 796 3111 ἄξιόν
818 3035 886 3098 ἐστι
906 3039 975 3098 των
992 3055 1060 3116 παρ
1058 3029 1223 3110 ’ἐκείνοις

268 3125 425 3212 άγασδαι,
435 3134 535 3196 τοῦτο
547 3126 589 3196 οὐ
599 3138 788 3216 μιμοῦνται,
800 3138 928 3216 μάλλον
938 3129 970 3197 δ’
982 3127 1064 3207 αὑτὸ
1075 3127 1223 3198 τούναν-

267 3231 340 3292 τίον
356 3233 527 3310 ποιοῦσιυ;
560 3229 642 3314 φασί
657 3228 741 3315 γάρ,
765 3221 1122 3314 ὦάνδρεςᾊθηναίοι,
1147 3224 1223 3310 παρ’

268 3325 406 3405 ἐκείνοις
422 3330 515 3411 μέχρι
531 3329 593 3412 μὲν
602 3334 665 3395 τοῦ
682 3327 775 3407 δόξαι
791 3328 945 3416 γνώμην,
967 3325 1012 3414 ἣν
1027 3323 1073 3394 οἲν
1083 3329 1225 3406 ἕκαστος

269 3423 342 3504 ἔχη,
363 3426 486 3509 λέγειν,
509 3423 644 3494 ἐπειδάν
662 3425 695 3492 δ’
713 3428 928 3514 ἐπικυρωθῇ,
951 3433 1055 3494 ταῦτα
1073 3424 1273 3506 άπανταςῙλλ

269 3520 415 3585 ἐπαινεῖν
431 3523 486 3589 καὶ
497 3524 731 3610 συμπράττειν,
749 3523 1129 3604 καλτοὺςάντειπόντας.
1151 3549 1225 3593 τοι-

269 3614 385 3701 γάρτοι
405 3624 539 3686 πολλάυ
559 3624 621 3707 μὲν
643 3619 737 3702 ὄντες
757 3621 800 3690 οὐ
827 3626 943 3691 πολλοὶ
964 3629 1222 3708 περιγίγνονται,

268 3713 477 3801 λαμβάνουσι
487 3715 532 3802 δ’,
555 3716 609 3786 ὅσ’
621 3715 666 3787 δν
680 3720 725 3808 μὴ
740 3727 786 3812 τῷ
798 3724 929 3812 πολέμῳ
945 3722 1128 3807 δύνωνται,
1153 3735 1224 3801 τοῖς
