3159 4409
404 472 531 534 RATA
547 472 698 535 τινοιν.
720 448 809 533 ακι
823 472 1016 549 ΜΝΗΣικ.
1037 475 1172 538 mr.
1205 475 1268 539 113

264 643 391 741 ςηῇκεν
407 630 452 712 ὥς
467 633 533 720 ἐμέ.
564 630 750 719 ἀναγκαῖον
766 658 830 701 ουν
839 660 886 720 ην
902 630 947 720 μὴ
965 639 1123 719 περιιδεῖν
1144 641 1267 717 ἐνδεεῖς

308 716 409 812 ὄντάς
426 733 508 819 μήτε
525 727 934 818 τιτθὴνέμὴυγενομένην
940 731 1025 851 μήτε
1037 736 1264 822 παιδαγωγόν·

209 921 211 926 ,
307 830 376 919 ἀμα
397 834 434 899 δέ
444 833 498 899 καὶ
508 855 717 917 τριηραρχυν
727 829 941 914 ἐξέπλεον,
919 853 1005 900 ωστε
1015 834 1071 900 καὶ
1081 859 1121 921 τη
1108 837 1264 919 γυναιιιλ

283 930 286 937 ’
306 933 496 1019 βουλομένη
512 954 556 1014 ην
572 927 731 1014 τοιαύτην
742 927 902 1015 οἰκουρὸν
913 925 986 1015 μετ’
998 926 1100 1017 αὐτῆς
1110 956 1151 1017 με
1162 957 1263 1001 κατα-

306 1040 424 1097 λιπεῖν.
458 1026 673 1114 ἀριστώντων
690 1028 726 1097 δε
737 1030 775 1096 ἐν
785 1055 826 1116 τη
812 1026 942 1117 αύλῇ,
965 1026 1263 1117 ὧςέπεισπηδάσιν

306 1120 402 1196 οὗτοι
429 1129 485 1196 καὶ
512 1126 828 1214 καταλαμβάνουσιν
856 1125 959 1208 αύτάς
978 1132 1035 1199 καλ
1053 1127 1203 1216 ἥρπαζον
1223 1128 1263 1197 τά

307 1226 469 1313 σκεύη,α
449 1231 485 1296 αἱ
505 1225 566 1310 μέν
587 1223 685 1294 ἀλλαι
706 1225 910 1313 θεράπαιναι
932 1230 1044 1318 (ἐντῷ
1062 1229 1180 1317 πύργφ
1196 1225 1262 1314 γάρ

304 1315 408 1410 ἦσαν,
432 1315 538 1402 οὗπερ
556 1320 793 1450 διαιτωνται)’
770 1351 815 1404 ως
825 1346 976 1409 ηκουσαν
985 1352 1149 1412 κραυγης,
1171 1333 1261 1394 κλεί-

258 1445 380 1508 5γουοι
396 1419 457 1490 τὸν
472 1421 619 1507 πύργον,
641 1448 697 1490 και
686 1421 911 1492 ἐνταῦθα
875 1449 937 1508 μιν
949 1421 1011 1491 ούκ
1023 1430 1197 1511 εἰσῆλθον,
1218 1422 1260 1493 τά

301 1519 365 1589 δ”
347 1549 385 1590 εκ
396 1528 453 1604 τῆς
464 1519 851 1606 ἀλληςοίκίαςέξέφερον
862 1523 976 1608 σκεύη,
989 1520 1261 1611 ἀπαγορευούσης

299 1629 361 1706 τῆς
382 1618 541 1705 γυναικὸς
561 1617 606 1704 μὴ
628 1617 795 1687 ἅπτεσθαι
812 1617 940 1706 αὐτοῖς,
962 1622 1016 1689 καὶ
1033 1620 1193 1709 λεγούσης
1208 1619 1261 1690 ὅτι

298 1718 407 1803 αὐτῆς
420 1727 468 1803 εἴη
480 1721 518 1784 ἐν
528 1725 569 1804 τῇ
581 1719 695 1801 προικὶ
702 1718 901 1803 τετιμημένα
911 1719 966 1795 καὶ
976 1716 1028 1787 ὅτι
1037 1716 1097 1786 “τι“ι
1109 1719 1260 1806 πρόβατα

295 1816 409 1903 τ’έχετε
430 1817 638 1903 πεντήκοντα
660 1818 715 1884 καλ
736 1813 799 1884 τδν
820 1821 922 1884 παῖδα
942 1814 1080 1885 καὶτὸν
1107 1821 1257 1906 ποιμένα,

293 1915 472 1995 ’πλείονος
486 1916 561 1997 ἀξια
578 1911 601 2001 ἢ
618 1916 883 1985 κατεδικάσασθε
891 1913 914 1955 ·”
948 1913 1124 2004 ἀπήγγειλε
1134 1915 1199 2003 γύρ
1210 1943 1258 1996 τις

300 2015 416 2094 αύταῑς
431 2022 499 2083 τοῖν
515 2014 678 2100 γειτόνων
689 2015 797 2095 κόψας
808 2012 871 2100 τὴν
882 2015 1005 2099 θύραν.
1040 2019 1088 2081 ἔτι
1100 2013 1136 2082 δὲ
1146 2019 1210 2100 ἐφη
1221 2011 1257 2084 τὸ

302 2113 465 2201 ἀργύριον
479 2111 591 2192 αὐτοῖς
606 2122 762 2200 κείμενον
779 2112 864 2183 εἶναι
881 2115 934 2182 ἐπὶ
944 2121 986 2200 τῇ
996 2115 1153 2201 τραπέζῃ·
1174 2111 1259 2200 ἠκη-

301 2212 374 2280 κόει
389 2209 455 2298 γάρ
470 2215 567 2297 ἐμοῦ·
590 2207 657 2278 κάν
677 2218 902 2298 περιμείνητε,
922 2217 1003 2296 ἔφη,
1026 2205 1048 2296 ἢ
1059 2212 1201 2298 μετέλθη
1211 2237 1259 2291 τις

301 2309 398 2397 ὑμῶν
413 2308 534 2396 αύτδν,
559 2316 687 2395 ἔχοντες
705 2309 798 2378 ἀπιτε
815 2309 852 2378 τὸ
875 2307 1038 2395 ἀργύριον
1059 2309 1139 2395 ἤδη·
1161 2308 1201 2377 τά
1223 2308 1259 2377 δὲ

302 2409 405 2494 σκεύη
418 2411 508 2492 ε’ἀτε,
525 2409 581 2475 καλ
595 2407 777 2494 μηδέντοίν
788 2411 877 2492 ἐμῶν
888 2411 1021 2492 φέρετε,
1040 2404 1147 2487 ἀλλοις
1158 2433 1192 2474 τε
1203 2408 1259 2474 καὶ

256 2512 430 2597 1τρέχοντες
440 2508 515 2587 ἀξια
525 2513 584 2592 τῆς
593 2511 777 2590 καταδίκης.
798 2507 902 2572 ταύτα
912 2505 948 2573 δὲ
960 2504 1119 2591 λεγούσης
1129 2513 1185 2590 τῆς
1196 2530 1258 2589 γυ-

300 2605 417 2685 ναικὸς
428 2604 489 2692 ούχ
500 2605 591 2685 ὅπως
601 2607 757 2690 ἐπέσχον,
771 2602 855 2673 ἀλλὰ
867 2606 921 2672 καὶ
931 2613 989 2690 της
998 2612 1113 2692 τιτθῆς
1124 2602 1160 2672 τδ
1172 2630 1258 2690 κυμ-

300 2711 378 2793 βίον
396 2705 562 2792 λαβούσης
578 2711 823 2791 παρακείμενον
839 2701 940 2792 αὐτῇ,
963 2708 997 2784 ἐξ
1015 2696 1059 2773 ού
1073 2709 1181 2789 ἐπινε,
1203 2705 1258 2771 καὶ

300 2807 483 2891 ἐνθεμένης
494 2809 540 2882 εἰς
549 2801 610 2872 τὸν
622 2801 765 2887 κόλπου,
778 2807 834 2871 ἵνα
844 2801 890 2890 μη
902 2795 994 2872 οὗτοι
1005 2804 1156 2891 λάβοιεν,
1168 2804 1258 2870 ἐπει-

301 2904 343 2990 δὴ
362 2901 450 2971 εἶδεν
466 2906 564 2970 έυδον
581 2899 680 2981 ὄντας
691 2900 830 2989 αύτούς,
851 2902 1040 2982 κατιδόντες
1050 2901 1156 2988 αὐτὴν
1167 2900 1256 2971 οὕτω

300 3007 459 3071 διέθεσαν
476 2999 720 3087 ἀφαιρούμενοι
730 2999 767 3069 τδ
779 3008 922 3089 κυμβίον
933 3002 1109 3088 Θεόφημος
1120 2996 1331 3076 uam-1157

254 3133 290 3188 59
300 3127 398 3188 εργος
408 3096 552 3185 ἀδελφὸς
564 3097 669 3168 αύτοῦ
681 3097 804 3187 οὑτοσὶ,
813 3099 896 3168 ὥστε
906 3099 1046 3186 ὕφαιμοι
1058 3101 1120 3185 μὲν
1130 3103 1165 3166 οἱ
1171 3105 1256 3185 βρα-

298 3201 409 3288 χιόνες
419 3202 475 3268 καλ
486 3203 519 3267 οἱ
528 3200 649 3286 καρποὶ
660 3206 729 3268 τῶν
745 3209 866 3286 χειροῖν
883 3198 985 3285 αὐτῆς
1000 3202 1154 3284 ἐγένοντο
1171 3195 1256 3267 ἀπο-

299 3302 526 3386 στρεφομένης
533 3295 579 3365 τοδ
590 3312 676 3384 χεῖρε
687 3301 742 3368 καὶ
753 3301 930 3386 ἑλκομένης
939 3294 1005 3366 ὑπὸ
1017 3296 1145 3365 τούτων
1153 3294 1256 3384 ἀφαι-

299 3401 476 3486 ρουμένων
487 3397 523 3465 τδ
535 3404 696 3484 κυμβίον,
718 3396 845 3485 ἀμυχὰς
856 3396 887 3465 δ’
899 3401 992 3481 ἐντῷ
1004 3395 1153 3486 τραχήλῳ
1170 3395 1256 3482 εἶχεν

300 3495 475 3584 ἀγχομένη,
487 3493 604 3564 πελιὸν
613 3496 651 3571 δὲ
662 3494 700 3564 τδ
713 3506 846 3588 στηδος.
869 3501 915 3572 εἰς
925 3491 1023 3562 τοῦτο
1033 3491 1061 3573 Ιδ
1073 3487 1182 3581 ἦλθον
1193 3519 1255 3563 πο-

301 3603 418 3684 νηρίας
429 3593 523 3681 ὥστε,
533 3595 595 3674 ἕως
611 3593 788 3680 ἀφείλοντο
806 3590 844 3659 τὸ
857 3594 1045 3679 κυμβίονέκ
1055 3601 1117 3660 τού
1127 3593 1255 3660 κόλπου

256 3693 420 3779 δθαύτῐγς,
449 3691 511 3763 ούκ
532 3693 722 3765 ἐπαύσαντο
743 3692 900 3778 ἀγχοντες
920 3694 975 3763 καλ
997 3692 1175 3769 τύπτοντες
1195 3685 1257 3775 τὴν

348 3791 485 3842 Demosth.
509 3789 567 3841 Vol.
589 3789 639 3842 111.
1032 3791 1050 3844 8
