3159 4409
270 464 336 538 344
529 460 980 544 [ΛΗαοΣοννονΣ]

274 625 419 705 πολλούς
434 625 687 713 μετεγνωκότας.
716 619 759 692 ῶν
773 630 890 692 τοίνυν
901 622 993 712 ὑμεῖς
1003 625 1103 695 ταῦθ’
1116 623 1229 710 ὑπόρ-

275 731 425 810 ξητενύν
434 729 660 812 πεπεισμένοι,
692 720 782 809 οἶμαι
803 720 883 809 μετὰ
893 729 1043 810 βραχέων
1052 724 1229 810 λόγωνκαὶ

274 822 373 905 αὐτὸς
391 822 434 894 ἅν
450 851 481 893 τι
498 828 605 910 λέγειν
621 819 753 900 είκύτως
763 821 922 901 δόξανκαὶ
932 820 1013 909 ὑμῖν
1023 820 1063 890 τοὶ
1075 826 1226 909 βέλτιστα

274 931 455 1010 φαίνεσθαι
469 924 584 1009 λέγων.

737 1047 762 1096 ς.

269 1130 273 1139 ’
356 1124 513 1202 Πολλῶν,
540 1109 704 1199 ῶῶνδρες
713 1114 900 1203 Ἀθηναῖοι,
918 1116 1030 1204 λόγων
1041 1124 1226 1206 εέρημένων

273 1218 361 1302 πυροὶ
372 1216 506 1304 πόντων
516 1221 585 1283 τῶν
595 1216 943 1302 συμβεβουλευκότων,
953 1214 1053 1286 ούόέν
1061 1215 1150 1303 ὑμᾶς
1158 1227 1224 1286 νῦν

273 1315 339 1401 ὁρῶ
358 1314 454 1393 όντας
469 1314 634 1399 ἐγγυτέρω
644 1319 704 1381 τοῦ
715 1321 748 1383 τί
760 1315 925 1398 πρακτέον
935 1311 1133 1403 εύρήσθαιή
1144 1321 1226 1404 πρὶν

273 1422 319 1495 είς
334 1411 395 1499 τήν
414 1415 589 1498 ἐκκλησίαν
607 1408 780 1497 ἀναβῆναι.
814 1420 921 1480 αἴτιον
937 1411 973 1481 δὲ
987 1414 1110 1482 τούτου
1121 1408 1222 1482 τούτό

263 1511 370 1598 ὅπερ,
393 1509 498 1596 οἶμαι,
519 1517 582 1579 τού
598 1517 708 1589 κακῶς
725 1516 812 1595 ἐχειν
821 1506 862 1578 τό
872 1508 949 1578 όλα·
972 1508 1090 1596 οὐγὰρ
1102 1537 1223 1598 παραι-

272 1619 390 1702 νούσιν
401 1606 480 1695 ὑμῖν
490 1605 574 1693 ὑπὲρ
585 1614 653 1676 τῶν
664 1607 841 1694 παρόντων
851 1611 886 1677 οἱ
891 1609 1051 1693 λέγοντες,
1064 1606 1135 1677 ἀλλ’
1145 1611 1223 1678 ἑαυ-

272 1715 340 1778 τῶν
350 1714 571 1797 κατηγοροῦσι
580 1709 634 1775 καὶ
646 1711 894 1793 λοιδοροῦνται,
906 1703 951 1787 ῶς
959 1706 1021 1792 μὲν
1031 1705 1096 1791 ἐγῶ
1108 1714 1221 1794 κρίνω,

273 1816 499 1890 συνεθίζοντες
510 1802 596 1895 ὑμᾶς
606 1804 688 1873 ἄνευ
699 1811 845 1893 κρίσεως,
857 1803 947 1872 ὅσων
956 1806 1040 1873 είσὶν
1050 1813 1150 1872 αίτιοι
1160 1832 1222 1873 κα-

271 1915 352 1992 κῶν,
365 1904 515 1992 ἀκούειν,
525 1903 571 1973 ἵν’
584 1905 628 1974 όὶν
638 1901 711 1972 ποτ’
726 1901 792 1990 όὶρα
803 1909 849 1981 είς
860 1900 974 1988 οἷγῶνα
983 1910 1219 1987 καθιστῶνται,

271 2007 375 2094 μηδὲν
384 2003 563 2092 ἡγούμενοι
573 2003 693 2075 καινόν
703 1998 858 2085 ἀκούειν,
875 1996 948 2068 ἀλλ’
960 1997 1045 2086 ὑπὲρ
1058 1992 1108 2068 ῶν
1120 2000 1220 2085 ύργι-

271 2114 335 2177 σθε
346 2103 707 2190 πολλάκις,πραότεροι
716 2101 866 2170 ύικασταλ
876 2102 931 2168 καὶ
942 2101 1049 2184 κριταλ
1058 2106 1218 2185 γίγνησθε

270 2210 338 2272 τῶν
349 2203 588 2288 πεπραγμένων
597 2200 718 2285 αύτοίς.
751 2195 814 2288 τήν
825 2201 887 2288 μὲν
898 2188 962 2265 ούν
989 2202 1098 2266 αἰτίαν
1120 2195 1161 2264 δι’
1174 2198 1218 2284 ἣν

270 2308 373 2368 ταῦτα
389 2308 545 2370 ποιοῦσιν
569 2311 647 2382 λσως
679 2298 826 2389 ἀνόητον
842 2298 988 2388 ἀκριβῶς
998 2301 1104 2387 ζητεῖν
1115 2305 1164 2387 είη
1176 2291 1219 2363 ύν

271 2402 308 2467 ἐν
324 2405 371 2488 τῶ
387 2399 541 2486 παρόντι·
565 2398 616 2468 ὅτι
633 2401 669 2469 δέ
680 2398 760 2488 ύμῖν
772 2398 845 2486 ούχλ
855 2404 1034 2487 συμφέρει,
1055 2398 1109 2468 διὰ
1119 2408 1219 2469 τοῦτο

271 2499 414 2583 ἐπιτιμῶ.
444 2495 508 2582 έγῶ
526 2495 556 2565 δ’
577 2495 655 2566 ούτε
671 2499 886 2586 κατηγορήσω
902 2499 1046 2586 τήμερον
1068 2496 1219 2581 ούόενός,

271 2594 347 2663 οὔτε
370 2593 597 2682 ὑποσχήσομαι
616 2604 768 2679 τοιούτου
788 2597 889 2668 ούύέν
910 2595 928 2666 ό
949 2598 993 2685 μή
1020 2606 1220 2685 παραχρῆμα

269 2697 433 2779 ἐπιδείξω,
444 2692 518 2761 οὐδ’
530 2694 615 2773 ὅλως
624 2704 693 2763 τῶν
702 2693 815 2764 αύτῶν
826 2696 954 2776 τούτοις
964 2694 1064 2765 ούόέν
1073 2696 1219 2781 ποιήσω·

270 2791 343 2862 ἀλλ’
368 2789 390 2859 όὶ
409 2796 560 2879 βέλτιστα
581 2792 642 2879 μὲν
661 2807 730 2874 τοῖς
746 2793 930 2880 πράγμασι,
952 2796 1167 2880 συμφέροντα
1183 2792 1221 2860 δὲ

268 2905 336 2972 τοῖς
346 2894 600 2979 βουλευομένοις
612 2888 691 2977 ύμῖν
701 2889 861 2978 ήγούμαι,
878 2889 985 2960 ταῦθ’
998 2888 1041 2969 ῶς
1051 2886 1095 2958 ῶν
1106 2890 1221 2958 δύνω-

268 3017 326 3075 μαι
336 2988 390 3059 όιόι
402 2990 617 3077 βραχυτάτων
628 2988 730 3058 είπῶν
740 2990 974 3076 καταβήσομαι

356 3192 399 3258 Oi
418 3187 478 3274 μὲν
498 3189 727 3275 ἐπαινοῦντες,
750 3180 777 3256 τό
798 3186 917 3272 ἄνδρες
931 3185 1117 3271 Ἀθηναῖοι,
1137 3182 1221 3264 τούς
1232 3200 1288 3257 149λ

270 3287 456 3372 προγόνους
473 3283 570 3372 ύμῶυ
586 3286 690 3372 λόγον
708 3291 812 3354 εἰπεῖν
827 3311 884 3369 μοι
901 3289 1039 3352 δοκοῦσι
1049 3295 1223 3368 προαιρεῖ-

272 3393 352 3452 σθαι
368 3388 620 3472 κεχαρισμένον,
644 3383 685 3453 οὐ
704 3383 771 3472 μήν
788 3383 1002 3470 συμφέροντά
1023 3409 1061 3468 γε
1081 3386 1224 3462 ἐκείνοις

270 3478 330 3561 ούς
345 3481 582 3566 ἐγκωμιάζουσι
592 3496 707 3552 ποιεῖν.
739 3486 814 3569 περὶ
825 3479 889 3568 γὰρ
901 3480 1102 3566 πραγμάτων
1112 3481 1221 3564 ε’γχει·

269 3587 405 3666 ροῦυτες
424 3571 472 3645 τόν
483 3577 552 3647 οὐδ’
560 3575 603 3648 όὶυ
612 3575 658 3661 εἷς
666 3578 763 3661 ἀξίως
772 3582 947 3665 ἐφικέσθαι
957 3578 1091 3645 δύναιτο
1100 3583 1150 3665 τῷ
1158 3576 1223 3645 λό-

268 3703 334 3766 γῳ,
352 3674 445 3744 αὐτοὶ
458 3677 519 3761 μὲν
535 3685 595 3759 τοῦ
605 3678 772 3748 δύνασθαι
781 3681 888 3765 λέγειν
898 3677 999 3758 δόξαν
1010 3678 1222 3763 ἐκφέρονται,
