3159 4409
546 502 615 570 KA
625 509 689 569 TA
710 508 956 571 ΝΕΑΙΡΑΣ.
1164 509 1227 574 311

278 670 403 766 πόρνῃ,
427 669 509 758 μηδε
525 667 583 746 τάς
598 667 678 753 μετά
695 674 818 753 πολλῆς
829 672 883 736 καὶ
893 677 995 756 καλῆς
1006 671 1228 757 σωφροσύνης

277 796 332 837 και
321 761 527 855 ἐπιμελείας
544 762 755 855 τραφείσας
737 763 803 832 υπὸ
824 773 893 833 τῶν
914 768 1152 863 προσηκόντων
1170 773 1225 838 καί

277 871 469 945 ἐκδοθείσας
486 863 568 934 κατά
587 862 666 943 τούς
677 863 818 950 νόμους,
840 891 961 944 ταυτας
971 869 1009 934 ἐν
1017 892 1063 956 τω
1051 875 1136 954 ίσμι
1147 875 1226 952 φαί-
1245 893 1248 897 ·

277 975 396 1039 νεσθαι
416 962 613 1051 μετεχούσας
629 970 669 1051 τῇ
684 988 765 1048 μετα
755 959 910 1031 πολλῶν
921 990 976 1032 και
965 961 1144 1050 ἀσελγῶν
1142 963 1227 1087 τρό-

277 1087 350 1131 πων
361 1064 516 1141 πολλακις
527 1063 687 1141 πολλοῖς
671 1062 808 1148 εκαστης
814 1065 939 1148 ημερας
950 1065 1226 1151 συγγεγενημευη,

228 1181 267 1236 ι15
278 1161 323 1242 ῶς
332 1163 469 1240 ἕκαστος
484 1161 656 1248 ἐβούλετο
663 1158 805 1247 ἡγεῖσθε
817 1161 908 1230 δὲ’
863 1187 927 1247 μητ
930 1159 1051 1248 ’ἐμὲ
1017 1188 1077 1230 του
1087 1165 1227 1266 λέγοντα

277 1260 360 1329 εἶναι
375 1260 624 1351 Ἀπολλόδωρον
640 1260 721 1347 μήτε
740 1259 820 1338 τούς
840 1253 1152 1346 ἀπολογησομένους
1171 1261 1227 1328 καὶ

277 1367 500 1442 συνεροῦντας
517 1358 666 1443 πολίτας,
687 1356 770 1426 ἀλλά
787 1359 999 1445 τούςυόμους
1010 1361 1226 1445 καλΝέαιραν
1284 1410 1287 1418 -

276 1458 411 1542 ίαυτηνὶ
429 1459 503 1540 περὶ
517 1464 585 1524 τῶν
602 1458 842 1543 πεπραγμένων
858 1454 942 1545 αὐτῇ
959 1456 1041 1540 πρὸς
1062 1456 1226 1544 ἀλλήλους

279 1555 480 1635 δικάζεσθαι.
506 1553 591 1623 καλ
571 1581 653 1623 οταν
662 1557 724 1641 μεν
734 1557 838 1623 επὶ
797 1583 854 1643 της
864 1562 1061 1642 κατηγοριας
1070 1559 1225 1652 γευρσθε,

277 1662 346 1722 τῶν
357 1656 472 1778 νόμων
482 1652 595 1723 αὐτῶν
606 1652 758 1740 ἀκούετε,
771 1648 856 1722 δι’
828 1681 878 1723 ων
888 1651 1053 1723 οἰκεῖται
1032 1682 1056 1742 η
1068 1654 1161 1732 πόλις
1170 1656 1227 1722 καλ

277 1753 360 1820 καθ’
373 1752 432 1833 οὓς
445 1753 636 1842 ὀμωμόκατε
647 1753 812 1839 δικάσειν,
828 1781 860 1822 τι
854 1754 1041 1823 κελεύουσι
1051 1755 1109 1820 καὶ
1120 1759 1154 1821 τί
1160 1776 1226 1820 πα

277 1853 516 1941 ραβεβύκασιν·
539 1853 673 1921 ότανδὲ
683 1855 784 1921 ἐπί
745 1879 802 1939 της
812 1845 1021 1938 ἀπολογιας
998 1879 1075 1940 ητε,
1097 1879 1226 1938 μνημο-

276 1953 431 2032 νεύοντες
449 1951 510 2038 τὴν
527 1959 596 2019 τῶν
606 1952 726 2038 ’νόμων
745 1952 1080 2040 κατηγορίαν-καὶτὸν
1091 1956 1225 2036 ἔλεγχον

276 2059 343 2117 τῶν
354 2050 617 2137 είρημένων,τη’ν
627 2077 662 2118 τε
673 2047 864 2136 ὄψινιαύτῆς
874 2048 1009 2134 ίδόντες,
1021 2053 1226 2135 ἐνθυμεῖσθε

275 2157 371 2217 τούτο
383 2149 509 2235 μόνον,
518 2155 548 2217 εί
555 2153 683 2232 Νέαιρα
694 2141 779 2216 ούσα
788 2155 892 2214 ταῦτα
904 2151 1152 2233 διαπέπρακται.

228 2260 268 2316 [16
351 2246 392 2314 ”A
362 2251 462 2327 Αξιον
481 2245 517 2314 δὲ
533 2243 665 2313 κάκεῖνο
682 2249 933 2329 ἐνθυμηθῆναι,
956 2237 983 2312 ῶ
995 2243 1226 2330 ἀνδρεςἏθη-
1326 2301 1328 2314 .

276 2322 379 2430 ναῖοι,
401 2371 452 2412 οτι
460 2342 592 2429 Αρχιαν
600 2368 659 2408 τον
671 2341 874 2427 ίεροφαντηυ
883 2367 1080 2426 γενόμενον,
1100 2346 1226 2426 ἐξελεγ-

276 2445 397 2527 χθέντοι
413 2445 449 2508 ἐν
460 2466 504 2528 τῳ
492 2443 713 2528 δικαστηρίω
725 2435 858 2524 ἀσεβεῖν
867 2437 998 2530 θύοντα
1007 2439 1096 2524 παρά
1107 2438 1147 2506 τά
1159 2439 1226 2506 πά-

275 2570 350 2632 τρια
365 2541 423 2622 τάς
439 2546 584 2626 θυσίας,
599 2531 896 2626 ἐκολάσατεύμεῖς,
918 2527 974 2607 καὶ
985 2535 1067 2606 αλλα
1077 2563 1112 2605 τε
1123 2565 1225 2626 κατη-
1205 2551 1302 2606 -1385

275 2642 407 2728 γορήθη
424 2637 528 2707 αύτου
513 2636 637 2706 κ”καλ
616 2664 668 2706 οτι
683 2636 833 2726 Σινῶπγγ
839 2644 878 2727 τῇ
895 2639 1007 2726 εταίρα
1017 2633 1152 2728 Ἀλῶοις
1172 2639 1225 2705 ἐπι

275 2748 333 2825 τῆς
352 2737 489 2825 ἐσχάρας
508 2743 566 2824 τῆς
582 2740 620 2805 ἐν
634 2763 674 2825 τῃ
661 2733 775 2824 αύλῇ
781 2734 908 2804 Ἐλευσῖ
895 2749 941 2804 ῖνι
951 2736 1166 2823 προσαγούσῃ
1176 2739 1224 2802 ίε-

278 2852 369 2920 ρεῖον
387 2837 541 2920 θύσειεν,
563 2833 605 2902 ού
622 2843 765 2921 νομίμου
781 2832 877 2914 ὄντος
892 2838 930 2903 έν
945 2834 1050 2922 ταύτῃ,
1064 2841 1104 2921 τῇ
1118 2831 1223 2921 ἡμέρα

277 2938 379 3014 ίερεῖα
388 2935 502 3019 θύειν,
515 2931 587 3000 οὐδ’
602 2937 731 3001 ἐκείνου
741 2931 842 3020 ούσης
852 2941 910 3019 τῆς
918 2940 1056 3017 θυσίας,
1073 2929 1155 3000 ἀλλά
1165 2938 1223 3018 τῆς

231 3043 265 3098 17
275 3035 402 3113 ίερείας.
431 3027 558 3097 ούκοῦν
570 3027 681 3097 δεινόν
690 3029 750 3098 τόν
760 3030 821 3116 μὲν
831 3034 885 3108 καί
896 3035 931 3100 ἐκ
941 3033 1060 3117 γένους
1070 3029 1151 3099 ὄντα
1161 3035 1223 3097 τού

274 3126 497 3214 Εὐμολπιδῶν
512 3129 567 3195 καὶ
583 3129 758 3214 προγόνων
768 3137 880 3198 καλῶν
890 3128 1052 3214 κάγαθῶν
1063 3130 1117 3196 καὶ
1127 3132 1222 3195 πολί·

272 3255 335 3315 την
344 3234 403 3313 τῆς
414 3225 555 3313 πόλεως,
567 3223 619 3294 ὅτι
628 3227 734 3297 ἐδόκει
744 3255 775 3296 τι
784 3234 974 3314 παραβῆναι
983 3235 1050 3294 τῶν
1060 3233 1221 3313 νομίμων,

274 3331 393 3395 δούναι
411 3331 522 3413 δίκην·
544 3329 599 3395 καί
615 3323 698 3395 οὔθ’Ἰ
713 3325 733 3415 ἦ
750 3336 818 3395 τῶν
834 3334 1006 3411 συγγενῶν
1022 3321 1104 3392 οὔθ’
1121 3322 1221 3411 ἡτῶν

274 3433 382 3509 φίλων
393 3416 731 3513 έξαίτησιςῶφέλησεν
742 3422 863 3508 αὐτόν,
885 3420 965 3492 οὔθ’
979 3427 1015 3490 αλ
1022 3431 1220 3509 λειτουργίαι

274 3520 314 3601 δς
327 3523 555 3609 ἐλειτούργησε
564 3531 606 3611 τῇ
617 3523 710 3592 πόλει
720 3519 819 3600 αὐτὸς
828 3523 883 3589 καὶ
893 3525 927 3588 οί
936 3521 1093 3608 πρόγονοι
1103 3519 1219 3604 αὐτοῦ,

275 3620 352 3700 ούτε
370 3620 408 3690 τὸ
432 3625 635 3709 ἱεροφάντην
655 3620 754 3704 εἶναι,
784 3617 856 3688 ἀλλ’
879 3614 1057 3688 ἐκολάσατε
1078 3621 1221 3700 δόξαντα

274 3718 415 3790 ἀδικεῖν·
435 3725 584 3808 Νέαιραν
606 3722 642 3789 δὲ
661 3721 797 3806 ταυτηνὶ
818 3729 865 3799 είς
884 3745 919 3787 τε
939 3718 999 3789 τόν
1014 3715 1119 3787 αὐτὸν
1135 3713 1219 3784 θεόν
