3159 4409
491 501 1048 565 ΠεοΣοιιαοΣΤΡπνοΝ.
1182 499 1243 563 195
1322 461 1324 464 ’

294 664 511 749 αλητενκέναι
522 660 581 728 τὸν
594 659 811 743 Ἀρεθούσιον
826 668 883 745 τῆς
898 649 1149 744 ψευδοκλητείας
1160 659 1243 727 κατά

266 786 278 802 ·
299 759 359 830 τὸν
371 761 493 846 νόμον,
511 759 623 826 ἐλθων
634 757 725 836 είςτό
736 765 860 843 χωρίον
869 766 926 843 τῆς
937 755 1071 840 νυκτὸς,
1093 756 1155 823 ὅσα
1165 763 1243 842 ἐνήν

300 854 389 944 φυτά
403 855 600 942 ἀκροδρύων
610 870 744 943 γενναῖα
760 858 1001 941 ἐμβεβλημένα,
1023 857 1078 921 καὶ
1093 851 1151 932 τάς
1162 853 1244 921 άνα-

301 955 481 1038 δενδράδας
492 958 639 1037 ἐξέκοψε,
659 957 717 1023 καί
734 956 937 1040 φυτευτήρια
954 957 1061 1022 ἐλαῶν
1080 960 1245 1036 περιστοί-

300 1080 368 1139 χων
385 1056 600 1138 κατέκλασεν,
623 1050 712 1119 οὕτω
724 1057 840 1130 δεινάς
858 1049 902 1130 ὡς
913 1049 988 1120 οὐδ’
1001 1048 1088 1119 άνοί
1097 1054 1246 1136 πολέμιοι

257 1173 291 1226 16
301 1155 456 1218 διαθεῖεν.
499 1148 587 1232 ,πρὸς
607 1150 643 1218 δὲ
663 1151 791 1228 τούτοις
818 1146 891 1236 μεθ’
914 1148 1042 1235 ἡμέραν
1068 1149 1246 1231 παιδάριον

301 1246 404 1316 άστόν
421 1252 655 1334 εἰσπέμψαντες
670 1247 723 1316 διά
739 1247 776 1315 τό
795 1256 939 1334 γείτονες
956 1246 1039 1328 εἶναι
1056 1251 1110 1315 καλ
1121 1248 1246 1333 ὅμορον

300 1345 337 1423 τό
348 1349 626 1432 χωρίονέκέλευον
637 1346 698 1433 τήν
706 1345 871 1433 ῥοδωνιὰν
880 1349 1133 1437 βλαστάνουσαν
1142 1350 1247 1413 ἐκτίλ-

301 1453 382 1528 λειν,
392 1445 476 1530 ἵν’,εί
484 1445 678 1525 καταλαβών
695 1443 799 1511 αὐτὸν
815 1442 879 1528 ἐγώ
894 1445 1031 1531 δήσαιμι
1041 1441 1063 1530 ή
1075 1442 1246 1528 κατάξαιμι

303 1541 348 1622 ὡς
361 1548 484 1615 δοῦλον
495 1543 592 1625 ὄντα,
604 1543 789 1628 γραφήνιμε
800 1542 981 1626 γράψαιντο
993 1541 1128 1628 ὕβρεως.
1156 1539 1199 1619 ὡς
1212 1546 1246 1608 δὲ
1254 1557 1322 1630 12⁵2

256 1688 261 1704 ,
302 1639 424 1709 τούτου
441 1639 637 1726 διήμαρτον,
659 1638 749 1724 κάγω
767 1639 936 1724 μάρτυρας
956 1640 1016 1724 μὲν
1038 1632 1246 1724 ύνέπασχον

304 1737 504 1822 ἐποιούμην,
526 1737 625 1815 αὐτὸς
644 1736 675 1802 δ’
694 1735 795 1809 ,οὐδέν
811 1739 1035 1823 ἐξημάρτανον
1052 1745 1098 1817 είς
1113 1735 1245 1822 αύτούς,
1366 1742 1368 1750 ’

305 1839 454 1915 ἐνταῦθα
465 1833 528 1921 ήδη
539 1860 595 1920 μοι
611 1833 937 1922 ἐπιβουλεύουσιτήν
946 1843 1101 1923 μεγίστην
1111 1840 1247 1923 ἐπιβου·

261 1947 293 2001 17
304 1933 381 2018 λήν·
403 1929 664 2017 ἀνακεκριμένου
679 1930 742 2020 γάρ
760 1924 825 2019 ήδη
842 1959 908 2019 μου
923 1931 990 2001 κατ’
1004 1933 1247 2021 αύτούτήντής

304 2034 557 2116 ψευδοκλητείας
574 2026 709 2116 γραφήν
728 2034 782 2099 καί
793 2034 978 2116 μέλλοντος
999 2037 1131 2101 εἰσιέναι
1148 2039 1193 2111 είς
1209 2034 1246 2100 τὸ

304 2128 525 2215 δικαστήριον,
542 2129 687 2215 τηρήσας
697 2156 737 2214 με
748 2128 885 2198 άνιόντα
900 2134 936 2198 ἐκ
945 2138 1108 2215 Πειραιῶς
1117 2128 1177 2210 ὀψὲ
1189 2154 1248 2197 πε-

305 2229 337 2311 ρὶ
347 2227 405 2305 τάς
415 2233 606 2312 λιθοτομίας
617 2234 705 2304 παίει
715 2253 748 2294 τε
760 2227 824 2306 πύξ
836 2231 890 2295 καλ
901 2226 1037 2314 ἁρπάζει
1046 2233 1164 2314 μέσον,
1184 2224 1248 2295 κάν
1314 2282 1320 2287 .

305 2326 405 2393 ἐώθει
414 2352 454 2411 με
464 2332 508 2404 είς
517 2324 788 2409 τάςλιθοτομίας,
799 2330 829 2391 εί
834 2327 879 2410 μή
886 2324 1251 2409 τινεςπροσιόντεςβο-

307 2423 410 2511 ῶντός
428 2448 493 2507 μου
510 2419 728 2504 ἀκούσαντες,
746 2424 966 2505 παρεγένοντο
982 2423 1037 2487 καὶ
1048 2421 1248 2506 ἐβοήθησαν.
1366 2485 1368 2491 ,

306 2518 439 2606 ἡμέραις
458 2518 488 2587 δ’
504 2518 544 2588 ού
562 2527 697 2598 πολλαῖς
713 2516 854 2600 ὕστερον
871 2516 1032 2585 εἰσελθών
1048 2523 1094 2594 είς
1109 2516 1145 2589 ,τὸ
1158 2523 1251 2584 δικα-

306 2620 442 2706 στήριον
454 2618 536 2706 πρὸς
546 2616 672 2704 ἡμέραν
683 2619 1000 2701 διαμεμετρημένην,
1023 2617 1078 2681 καὶ
1089 2616 1251 2697 ἐξελέγξας
1263 2617 1265 2620 ’

307 2716 411 2785 αὐτὸν
421 2715 460 2785 τά
472 2721 579 2801 ψενδή
592 2713 832 2801 κεκλητευκότα
845 2716 899 2780 καί
916 2711 956 2780 τά
967 2712 1050 2781 άλλα
1061 2712 1126 2780 ὅσα
1136 2722 1250 2799 εἴρηκα

264 2844 298 2898 18
306 2814 500 2903 ἠδικηκότα,
525 2810 623 2884 εἶλον.
653 2816 708 2882 καὶ
720 2817 756 2881 ἐν
767 2821 807 2901 τῇ
819 2813 947 2898 τιμήσει
957 2814 1172 2899 βουλομένων
1183 2819 1251 2878 ταῖν

307 2920 472 2982 δικαστῶν
483 2915 633 2983 θανάτου
643 2918 773 2998 τιμῆσαι
782 2909 882 3000 αύτῷ,
895 2913 1036 2998 ἐδεήθην
1047 2910 1111 2996 ἐγω
1122 2919 1190 2979 τῶν
1201 2915 1251 2976 δι-

307 3021 441 3084 καστῶν
452 3013 552 3099 μηδὲν
563 3011 600 3080 δι’
615 3015 858 3097 ἐμοῦποιούτον
870 3016 1007 3097 πρᾶξαι,
1028 3010 1110 3079 άλλά
1123 3033 1252 3096 συγχω-

305 3120 408 3199 ρήσαι
421 3109 565 3196 ὅσουπερ
579 3106 672 3187 αὐτοὶ
683 3114 856 3197 ἐτιμῶντο,
867 3110 1045 3194 ταλάντου,
1070 3108 1130 3195 οὐχ
1140 3107 1249 3195 ἵναμή

310 3210 468 3297 άποθάνη
484 3207 501 3277 ὁ
515 3208 725 3295 Ἀρεθούσιος
735 3207 822 3295 (άξια
838 3205 902 3293 γάρ
920 3205 1007 3295 αὐτῷ
1021 3207 1172 3274 θανάτου
1183 3217 1251 3292 εω-

310 3332 411 3396 γαστο
424 3317 469 3387 εἰς
479 3311 561 3394 ἐμέ),
580 3304 648 3374 ἀλλ’
660 3304 701 3373 ἵν’
712 3304 775 3391 ἐγω
786 3312 958 3381 Πασίωνος
969 3300 1018 3371 (ἐν
1029 3306 1175 3386 καὶκατὰ
1185 3304 1250 3392 ψή-

311 3429 416 3495 φισμα
428 3415 559 3494 πολίτης
570 3403 889 3492 μηδέυαἈθηναίων
898 3401 1084 3482 άπεκτονύς
1095 3413 1174 3491 είην.
1206 3402 1250 3483 ὥς

312 3504 343 3574 δ’
357 3506 466 3593 άληθή
484 3501 698 3592 είρηκαπρδς
719 3501 821 3588 ὑμᾶς,
842 3503 969 3571 τούτων
987 3499 1066 3588 ὑμῖν
1084 3503 1251 3590 μάρτυρας

312 3605 445 3673 πάντων
462 3607 647 3691 παρέξομαι.

1024 3741 1027 3750 .
1045 3707 1101 3769 13*
1128 3727 1130 3731 .
1204 3724 1206 3726 -
