3159 4409
293 517 355 582 192
511 519 576 577 LllL
610 515 1026 579 ΔΗΜΟΣΘΕΝΟῬΣ

292 685 332 766 τῇ
350 681 410 763 ἐμή
422 675 587 764 ἀποδημίᾳ
600 672 900 758 ἀποδιδράσκουσιν
910 672 1013 743 αὐτόν
1024 680 1145 746 οἰκέται
1153 693 1240 760 τρεθς

293 779 325 856 ἐξ
337 773 442 860 ἀγροῦ
453 773 541 860 παρά
554 772 684 856 τούτου,
697 775 730 840 ολ
738 771 800 857 μὲν
811 771 871 840 δύο
885 764 933 840 οἷν
943 772 1007 858 ἐγώ
1019 779 1126 842 ἔδωκα
1136 773 1237 865 αύτῷ,

291 871 309 942 ὁ
322 875 357 942 δὲ
369 869 414 952 εἷς
425 865 474 941 οἷν
485 872 584 948 αὐτὸς
595 869 760 955 ἐκτήσατο.
784 871 915 937 διεόκων
926 865 990 938 ούν
998 869 1164 939 ἁλίσκεται
1174 868 1237 941 ὑπὸ

291 971 447 1057 τριήρους
469 972 524 1036 καί
540 966 687 1053 κατήχθη
705 973 751 1045 είς
763 976 922 1052 Αἴγιναν,
943 972 998 1036 καὶ
1013 972 1083 1037 ἐκεί
1095 970 1237 1056 ἐπράθη.

292 1068 401 1153 ἐπειδή
420 1070 456 1134 δὲ
471 1069 674 1134 κατέπλευσα
695 1063 757 1149 ἐμω
781 1073 1004 1151 τριηραρχῶν,
1026 1070 1242 1155 προσέρχεταί

292 1193 348 1252 μοι
358 1172 491 1236 Δείνων
507 1162 524 1230 ὁ
544 1160 687 1248 ἀδελφὸς
705 1159 723 1229 ὁ
742 1163 863 1230 τούτου
880 1166 986 1247 λέγων
994 1161 1057 1248 τήν
1067 1189 1103 1230 τε
1115 1165 1238 1233 τούτου

292 1263 485 1350 συμφορὰν,
503 1259 601 1340 αάτός
610 1287 645 1328 τε
656 1260 707 1328 ὅτι
718 1258 763 1327 δι’
776 1260 917 1346 ἀπορίαν
928 1265 1072 1346 ἐφοδίων
1082 1261 1124 1330 ού
1135 1288 1240 1332 πεπο-

293 1361 450 1447 ρευμένος
468 1369 516 1444 είη
533 1363 584 1427 ἐπὶ
594 1367 714 1427 τούτου
729 1363 912 1444 πέμποντος
928 1361 1050 1428 τούτου
1067 1360 1159 1451 αύτῷ
1169 1365 1241 1430 ἐπι-

293 1457 426 1545 στολάς,
449 1460 503 1526 καὶ
517 1457 584 1543 ἅμα
596 1464 702 1542 λέγων
712 1456 795 1540 πρὸς
806 1458 862 1544 ἐμὲ
873 1455 917 1537 ιδς
927 1457 1045 1527 ἀκούοι
1056 1459 1161 1529 αὐτόν
1172 1467 1240 1548 δει-Ι

267 1563 569 1637 Ὶνως-διακείσθαι.
604 1555 749 1635 ἀκούσας
765 1555 797 1624 δ’
817 1555 881 1641 ἐμοὶ
893 1565 996 1624 ταῦτα
1006 1562 1061 1626 καὶ
1072 1569 1239 1646 συναχθε-

293 1658 386 1734 σθεὶς
396 1660 447 1724 ἐπὶ
457 1664 498 1741 τή
509 1655 624 1743 ἀτυχίᾳ
636 1664 675 1741 τή
687 1656 809 1723 τούτου
819 1659 935 1741 πέμπω
945 1655 1005 1724 τόν
1015 1664 1170 1725 Δείνωνα
1180 1657 1239 1726 τόν

292 1750 440 1837 ἀδελφόν
458 1751 562 1819 αὐτοῦ
576 1752 680 1831 εὐθύς
690 1757 742 1821 ἐπὶ
752 1761 887 1838 τοῦτον,
910 1753 989 1833 δούς
999 1757 1138 1840 ἐφόδων
1149 1751 1239 1844 αύτῷ

293 1857 480 1938 τριακοσίας
496 1851 647 1937 δραχμάς.
682 1849 883 1936 ἀφικόμενος
901 1851 930 1918 δ’
950 1844 1046 1932 οὗτος
1062 1855 1117 1921 καὶ
1128 1852 1240 1922 ἐλθόν

296 1951 338 2029 ὡς
349 1954 404 2035 ἐμὲ
415 1951 618 2035 πρῶτονμὲν
630 1948 805 2036 ήσπάζετο,
826 1949 1003 2039 καὶέπήνει
1014 1951 1064 2020 ὅτι
1074 1955 1239 2037 παρέσχον

294 2048 334 2117 τά
351 2049 468 2133 ἐφόδια
485 2057 532 2137 τῷ
543 2047 676 2137 ἀδελφῷ
696 2046 818 2134 αύτούς
841 2051 896 2117 καὶ
907 2049 1052 2136 ἀδύρετο
1061 2048 1123 2136 τήν
1134 2047 1240 2117 αὑτοῦ

294 2148 487 2235 συμφοράν,
508 2150 563 2216 καὶ
583 2155 777 2234 κατηγορεῖν
798 2147 866 2233 ἅμα
886 2156 956 2216 τείν
972 2151 1093 2216 ἑαυτοῦ
1110 2153 1241 2216 οίκείων

294 2249 396 2317 ἐδεῖτό
412 2275 478 2334 μου
494 2254 660 2336 βοηθῆσαι
677 2243 784 2335 αὑτηί,
809 2245 918 2331 όίσπερ
935 2250 990 2314 καὶ
1006 2252 1042 2313 ἐν
1057 2254 1104 2335 τῷ
1115 2251 1241 2331 ἔμπρο-

295 2356 379 2414 σθεν
388 2348 495 2434 χρόνῳ
506 2341 549 2434 ήν
560 2349 633 2431 περὶ
644 2344 747 2414 αὐτόν
758 2344 917 2431 ἀληθινός
928 2353 1039 2431 φίλος·
1061 2344 1241 2412 καὶκλόων

295 2443 379 2531 ἅμα,
397 2448 451 2514 καὶ
469 2451 575 2531 λέγων
590 2445 642 2514 ότι
659 2449 692 2526 ἓξ
709 2447 764 2512 καὶ
776 2454 878 2512 είκοσι
888 2453 981 2529 μνων
992 2448 1169 2528 λελυμένος
1179 2451 1239 2528 είη,

268 2549 491 2626 ὃείσενεγκεῖν
509 2542 600 2629 αύτςδ
611 2570 641 2611 τι
652 2546 782 2612 ἐκέλευέ
790 2568 831 2628 με
841 2549 887 2620 είς
896 2540 935 2610 τά
947 2542 1059 2624 λύτρα.
1091 2549 1196 2608 ταῦτα
1207 2536 1240 2607 δ’

295 2639 358 2726 ἐγὼ
377 2641 510 2709 ἀκούων
522 2644 577 2710 καὶ
586 2643 720 2728 ἐλεήσας
731 2651 867 2728 τούτου,
889 2637 1242 2725 καὶάμαὸρωνκακως

296 2746 504 2824 διακείμενον
520 2741 575 2807 καὶ
592 2739 786 2807 δεικνύοντα
803 2741 880 2826 ἕλκη
900 2743 1014 2818 ἐνταίς
1024 2737 1165 2824 κνήμαις
1174 2736 1241 2806 ἀπὸ

297 2843 444 2923 δεσμῶν,
463 2829 512 2902 οἷν
523 2843 569 2904 ἔτι
578 2835 635 2914 τάς
646 2835 747 2916 ούλάς
758 2842 820 2922 ἔχει
827 2886 837 2920 ,
858 2838 913 2904 καὶ
922 2833 980 2903 ἐὰν
991 2836 1166 2921 κελεύσητε
1177 2833 1242 2902 αά-

296 2934 356 3004 τὸν
367 2939 484 3018 δείξαι,
495 2933 536 3001 ού
548 2934 591 3021 μή
603 2936 769 3022 ἐθελήσει,
783 2933 1012 3020 ἀπεκρινάμην
1022 2931 1113 3023 αύτῷ
1123 2932 1175 3001 ὅτι
1187 2935 1243 3000 καὶ
1251 2942 1309 2999 1249

295 3037 333 3102 ἐν
343 3040 389 3123 τῷ
399 3038 589 3119 ἔμπροσθεν
598 3033 706 3122 χρόνω
718 3043 789 3120 είην
800 3035 890 3122 αὐτῷ
900 3040 994 3118 φίλος
1004 3030 1174 3118 ἀληθινός,
1186 3035 1243 3100 καὶ

295 3140 361 3200 νύν
371 3137 407 3200 ἐν
418 3140 457 3221 τῇ
469 3126 626 3221 συμφορᾷ
636 3133 836 3219 βοηθήσοιμι
847 3130 953 3222 αύτῷ,
970 3132 1025 3224 καὶ
1035 3131 1093 3225 τός
1102 3156 1137 3198 τε
1147 3156 1243 3214 τρια-

295 3238 423 3317 κοσίας,
446 3229 484 3312 ἀς
501 3240 547 3322 τῷ
566 3230 701 3321 ἀδελφῷ
718 3222 1243 3315 αύτούέδωκαέφόδιονότεέπο-

296 3327 409 3409 ρεύετο
427 3334 479 3398 ἐπὶ
495 3340 632 3418 τούτου,
655 3330 775 3418 ἀφείην
791 3329 897 3420 αύτῷ,
918 3334 1022 3416 χιλίας
1037 3353 1072 3395 τε
1095 3326 1242 3414 δραχμὰς

268 3427 415 3509 9ἔρανον
432 3426 521 3518 αὐτῷ
540 3435 586 3508 είς
606 3428 646 3496 τά
668 3429 771 3512 λύτρα
793 3433 972 3512 εἰσοίσοιμι.
1003 3427 1059 3494 καί
1078 3434 1177 3493 τούτο
1199 3420 1243 3492 ού

295 3522 383 3610 λόγῳ
395 3526 455 3607 μὲν
466 3524 671 3614 ὑπεσχόμην,
685 3534 770 3618 ἕργφ
783 3527 815 3595 δ’
827 3525 889 3595 οὐκ
901 3529 1052 3612 ἐποίησα,
1064 3523 1137 3592 ἀλλ’
1151 3527 1242 3592 ἐπει-

224 3696 227 3702 1
295 3618 335 3706 δή
353 3617 415 3686 ούκ
432 3619 605 3706 ηὐπόρουν
621 3624 783 3712 ἀργυρίου
801 3624 854 3693 διά
870 3624 905 3691 τὸ
919 3624 1086 3711 διαφόρως
1097 3628 1183 3709 ἔχειν
1193 3629 1241 3712 τῷ

296 3723 465 3803 Φορμίωνι
476 3721 529 3786 καὶ
539 3719 795 3808 ἀποστερεῖσθαι
806 3719 868 3788 ἀπ’
879 3719 984 3790 αύτυύ
994 3718 1056 3801 τήν
1067 3718 1187 3789 ούοίαν
1196 3716 1242 3806 ήν
