3159 4409
520 548 523 553 ,
546 484 689 546 ΠΡΟΣ
705 483 1015 546 uomicam.
1190 480 1252 547 169

238 696 240 701 -
294 642 370 713 “δελ
379 644 444 731 γάρ
456 664 494 714 σε
505 632 697 713 ἀκούσαντα
713 641 826 731 ὀρθῶς
841 638 1100 731 βουλεύσασθαι.
1124 645 1252 728 μέλλεις

296 739 400 829 “yde''
413 740 602 831 ἔφη“όιμειν
611 743 720 829 ἄνδρα
736 741 888 828 φυγάδα,
907 735 951 809 οὑ
961 740 1130 828 Ἀθηναῖοι
1140 742 1252 810 θόνα-

297 838 381 909 “τον
398 843 447 919 δίς
463 846 747 928 κατεψηφίσαντο,
768 835 1019 926 Καλλίστρατον
1036 843 1073 908 ἐκ
1083 841 1264 928 Μεθώνης.

269 981 277 1015 <,
297 936 367 1017 “είς
380 935 549 1018 δύσονιὺς
563 937 753 1026 Τιμόμαχον
767 935 829 1007 τόν
838 938 1017 1026 κηδεστήν,
1033 936 1078 1019 ὡς
1090 937 1176 1024 ἐμοί’
1189 945 1252 1026 ἔφη

294 1029 488 1123 “nimum
498 1045 568 1105 τῶν
578 1043 708 1106 παίδων
717 1044 786 1106 τῶν
797 1045 1004 1112 Καλλίππου.
1036 1037 1079 1106 σὺ
1097 1031 1177 1122 οὑν,
1194 1036 1253 1106 ἐὰν

296 1133 513 1224 “σωφρονῇς,
536 1134 662 1209 οὐδένα
681 1144 751 1204 τοῑν
771 1139 968 1223 φευγόντων
988 1138 1096 1218 ἐάσεις
1116 1140 1169 1206 ἐπὶ
1191 1135 1253 1224 τὴν

253 1233 407 1303 49“ναύν
417 1232 627 1320 ἀναβαίνειν·
650 1233 693 1303 ού
709 1233 775 1321 μδρ
787 1240 886 1304 ἑοῖσιν
902 1243 937 1305 ολ
951 1235 1074 1324 νόμοι.”
1106 1235 1254 1316 ἀκούσας

296 1331 334 1401 ’δ’
348 1330 412 1418 ἐμοὶ
430 1340 534 1400 ταῦτα
549 1341 612 1400 τοῦ
621 1339 847 1414 Καλλικλέους
863 1339 1087 1424 προσέρχομαι
1103 1346 1150 1426 τῷ
1160 1327 1253 1404 Καλὲ

301 1438 428 1521 λίππῳ,
449 1435 505 1500 καὶ
521 1435 633 1516 ἐρωτῶ
650 1431 756 1500 αύτὺν
774 1430 853 1500 όποι
862 1458 898 1501 τε
916 1434 976 1503 τόν
993 1443 1101 1503 πλοῦν
1115 1448 1254 1503 ποιεῖται

301 1533 357 1599 καὶ
368 1533 419 1598 ἐπὶ
430 1538 512 1599 τίνα.
541 1531 826 1617 διαχλευάσαντος.
836 1530 870 1598 δ’
883 1530 988 1599 αύτού
999 1559 1040 1618 με
1051 1536 1105 1601 καλ
1116 1530 1254 1619 ἀπειλή-

303 1649 424 1706 σαντος
440 1625 461 1695 ὑ
455 1623 589 1695 οὐδ”
566 1655 612 1696 αυ
629 1627 723 1715 ὑμεῖς
739 1627 937 1716 ἀγνοήσαιτε
954 1639 1030 1712 (τοῦ
1044 1658 1108 1721 μαρ
1126 1633 1254 1718 τρόπον

303 1736 365 1795 τοῦ
386 1733 602 1794 Καλλίππου
606 1725 668 1795 ούκ
689 1725 851 1817 ἀπείρως
854 1735 960 1815 ἔχετε)
984 1735 1069 1816 λέγω
1090 1729 1179 1822 αύτῷ
1202 1728 1254 1797 ὅτι

320 1851 431 1894 ακουω
443 1846 480 1894 σε
490 1835 585 1895 πλειν
594 1829 648 1896 ἐπί
658 1834 915 1915 Καλλιστρατον
945 1821 1063 1915 ἐμω
1021 1855 1084 1896 ουν
1094 1856 1162 1897 των
1172 1853 1252 1915 φευ
1262 1843 1328 1896 1222

297 1921 462 2047 Ξγόυτοιν.
468 1922 590 1993 ούδένα
608 1925 692 2013 ἀξω,
715 1923 795 1995 οὐδὲ
801 1927 996 2014 πλεύσομαι
1012 1923 1059 1994 ἐπ’
1078 1926 1196 1996 αὐτόν·
1220 1930 1256 1994 οί

297 2020 383 2108 “μάρ
403 2021 503 2145 νόμοι
519 2020 593 2090 αύκ
601 2027 703 2093 ἐυδσιν
721 2021 945 2112 ὑποδέχεσθαι
966 2033 1036 2094 τῶν
1056 2025 1253 2112 φευγόντων

295 2114 503 2207 “ούδε’να,’“
479 2148 500 2207 η
520 2125 556 2188 ἐν
573 2136 641 2202 τοῖς
659 2120 772 2203 αὑτοῖς
791 2124 987 2193 κελεύουσιν
1005 2124 1225 2225 ἐνέχεσθαι
1192 2151 1252 2193 τον
1312 2204 1315 2211 .

249 2249 253 2257 ·
295 2216 566 2344 ῐὺποδεχόμενου
585 2221 665 2300 τοὺς
685 2223 881 2308 φεύγοντας.
913 2207 1164 2309 ἀποπλεύσομαι
1188 2216 1252 2291 οὑν

257 2315 307 2386 50
307 2316 455 2387 ‘mim
432 2347 476 2398 ως
488 2346 548 2387 τον
560 2320 746 2407 στρατημον
757 2327 804 2398 εἰ
814 2319 956 2388 Θάσονῗ
989 2324 1043 2388 καί
1058 2323 1167 2408 ἐπειδὴ
1181 2325 1253 2389 ἐνέ-

304 2423 457 2504 βησανοί
464 2418 592 2504 ναύται,
607 2421 693 2504 λέγω
705 2445 751 2507 τῳ
737 2419 953 2505 κυβερνήτῃ
963 2417 1125 2487 ἀποπλεῖν
1135 2417 1226 2498 είς
1192 2446 1253 2505 την

305 2516 427 2600 Θάσον.
460 2515 690 2602 ἀντιλέγοντος
701 2518 737 2587 δε
747 2524 809 2596 τού
821 2524 1019 2586 Καλλίππου
1029 2521 1084 2586 καλ
1095 2518 1253 2586 κελεύον-

304 2644 360 2697 τος
371 2621 521 2695 πλελνείς
536 2614 597 2702 τήν
607 2620 843 2702 Μακεδονίαν,
866 2613 901 2684 οἷ
914 2613 1141 2700 προσίταξενὸ
1153 2636 1253 2699 στρα-

303 2717 419 2804 τηγός,
442 2713 655 2798 ἀποκρίνεται
673 2714 768 2802 αύτῷ·
773 2719 997 2805 Ποσείδιππος
1014 2714 1031 2784 ὁ
1049 2713 1254 2805 κυβερνήτης

304 2815 356 2886 ὅτι
366 2815 564 2903 τριήραρχός
579 2840 615 2882 τε
631 2812 696 2900 ἐγώ
713 2822 771 2902 τῆς
787 2814 871 2894 νεοδς
888 2825 960 2902 είην
974 2817 1029 2883 καὶ
1046 2811 1253 2897 ὑπεύθυνος,

303 2917 359 2984 καὶ
371 2913 431 2982 τόν
440 2911 570 3001 μισθόν,
577 2911 652 2998 παρ’
665 2916 747 3000 ἐμοῦ
757 2915 937 3002 λαμβάνοι·
959 2915 1134 2984 πλεύσοιτο
1147 2905 1210 2979 οὑν
1223 2906 1257 2979 οἷ

257 3035 293 3088 51
304 3013 368 3100 ἐμοὶ
380 3013 514 3098 κελεύω,
523 3018 569 3093 είς
578 3014 692 3080 Θάσον
702 3010 747 3091 ὑς
756 3012 816 3080 του
827 3015 1018 3101 στρατηγόν.
1041 3012 1255 3098 ἀφικομένων

295 3110 338 3180 ’δ’
351 3109 446 3198 ἡμῶν
456 3119 497 3200 τῇ
508 3108 664 3200 ὑστεραίᾳ
677 3116 723 3190 είς
734 3108 796 3199 τὴν
806 3113 937 3196 Θάσον,
960 3107 1202 3197 μεταπέμπεταί
1213 3133 1254 3196 με

279 3244 281 3249 ·
305 3208 324 3281 δ
340 3211 537 3297 Τιμόμαχος,
550 3202 593 3277 οὑ
603 3208 760 3297 κατήγετο
769 3214 829 3292 ἔξω
843 3216 977 3296 τείχους,
1000 3208 1209 3297 φοβούμενος
1219 3207 1252 3277 δ’

280 3309 370 3396 ἐμοὶ
383 3337 427 3397 μη
416 3308 575 3396 δεθείην
584 3308 804 3433 διαβλχθελς
784 3309 850 3378 υπδ
862 3334 923 3392 του
911 3314 1141 3394 Καλλίππου,
1154 3306 1254 3387 αὑτός

307 3406 428 3496 μὲν’
389 3436 450 3495 ουχ
472 3405 647 3500 ὑπακούω,
672 3407 758 3478 ἀλλδι
777 3411 863 3495 λέγω
880 3432 927 3498 τω
914 3404 1127 3507 ὑπρρέτρ”
1105 3436 1157 3477 οτι
1178 3419 1211 3477 ελ
1223 3434 1254 3474 τι

306 3506 463 3597 βούλοιτό
473 3533 529 3593 μοι
540 3511 770 3594 δὶαλέγεσθαι,
788 3511 827 3576 ἐν
836 3516 877 3596 τῇ
889 3506 994 3595 ἀμορα
980 3512 1136 3593 ἔσομαι,
1147 3505 1209 3574 τὸν
1218 3505 1254 3571 δὲ

307 3613 409 3675 παῖδα
419 3610 602 3695 συμπέμπω
616 3607 715 3699 οὑτω,
727 3613 761 3675 ίν
760 3606 854 3675 εἴτι
859 3623 917 3692 ’μοι
925 3606 1137 3692 προστάττοι,
1150 3602 1255 3669 ἀκού-

261 3725 297 3779 52
307 3725 368 3785 σας
378 3702 590 3792 ἀπαγγείλαι
584 3732 647 3774 σοι.
681 3704 735 3773 διδ
746 3705 808 3791 μὲν
816 3705 936 3786 ταύτας
945 3705 1002 3789 τδς
1014 3712 1134 3787 αἰτίας,
1149 3727 1180 3769 ω
1193 3698 1252 3768 δν
