3159 4409
315 493 379 558 300
515 495 582 554 ΗΧ
605 478 1056 571 [ΔΗΜΟΣΘΕΝΟΤΣ]

316 652 628 739 γεραράςένκανοίς
639 647 763 738 πρὸς
731 659 779 717 τώ
787 657 908 739 βωμῷ,
930 653 1010 738 πρὶν
1020 651 1260 722 ἀπτεσθαττῶν

316 756 454 838 λεράν,”
439 777 493 819 ινα
503 753 628 818 καὶτοῦ
637 746 742 836 ὅρκου
750 750 883 816 καὶτῶν
891 748 1107 836 λεγομένων’
1088 752 1259 839 ἀκούσητε,

234 931 236 936 Ι
316 845 379 916 οσα
389 845 497 917 ολοντ
511 845 627 917 ἐστὶν
609 871 754 932 ακουειν,
767 848 823 914 καλ
834 846 975 932 είδηιε
950 874 995 926 ως
1004 847 1260 935 σεμνακαλαγια

315 949 370 1015 καλ
381 944 498 1032 ἀρχαία
507 945 548 1013 τά
559 944 681 1031 νόμιμα
672 943 789 1012 'gom

596 1065 746 1143 ommi:
763 1065 979 1126 ΓΕΡΑΡΩΝ

440 1171 460 1259 [‘
457 1159 610 1284 Αγιστεύω
620 1201 671 1239 και
661 1176 738 1255 εἰμὶ
749 1172 871 1280 καθαρὰ
881 1170 958 1237 καλ’
931 1168 1018 1279 αγνὴ
1031 1168 1088 1238 ἀπὸ
1096 1198 1157 1239 των
1167 1172 1260 1240 ἀλλων

355 1269 414 1325 τῶν
432 1259 467 1324 05
485 1256 712 1370 καθαρευόντων
723 1254 826 1322 καὶαπ
828 1251 959 1342 ’ἀνδρὸς
966 1261 1142 1363 συνουσίας,
1164 1255 1259 1323 miv&

354 1348 472 1408 θεοίνια
482 1346 533 1408 καί
542 1370 578 1407 τα
566 1339 739 1446 ἰοβάκγεια
747 1348 901 1445 γεραρῶ
871 1367 914 1404 τω
899 1337 1059 1429 Διονύσῳ
1069 1339 1146 1407 κατά
1155 1337 1192 1407 τά
1201 1340 1259 1406 πά-

355 1453 421 1513 τρια
431 1454 481 1492 και
471 1429 522 1491 ἐν
531 1452 593 1503 τοις
602 1425 772 1509 καθηκουστ
782 1425 918 1509 γρονοις]

269 1565 302 1621 79
401 1546 471 1608 Τοῦ
487 1536 584 1625 μὲν“
563 1563 670 1621 ορκον
685 1543 802 1604 τοίνυν
819 1530 931 1603 κοιλ
883 1561 952 1602 των
962 1537 1187 1622 νομιζομένων
1197 1560 1258 1603 τα-

313 1636 464 1723 τρίων,“
451 1637 515 1706 όσα
533 1634 606 1706 οἷόν
621 1662 641 1703 τ
644 1630 1075 1719 ’έστλυείπελνβκηκόατὴ
1096 1631 1259 1721 καὶὼςῆν

313 1737 486 1820 Στέφανος
503 1734 649 1821 ἠγγύησε
667 1741 711 1823 τῷ
724 1734 878 1818 Θεογένει
893 1747 1036 1819 γυναῖκα
1051 1733 1258 1819 βασιλεύοντι

315 1828 358 1910 59
372 1830 477 1900 αὑτοῦ
492 1825 599 1898 οὖσαν
609 1833 795 1916 θυγατέρα,
816 1829 899 1915 αὕτη
910 1833 1012 1898 ἐποίει
1020 1831 1061 1899 τά
1072 1833 1146 1915 ίερά
1159 1841 1257 1900 ταῦτα
1265 1837 1311 1894 13⁴5

212 1960 216 1966 ·
312 1931 368 1996 καὶ
379 1928 524 2014 ἐξώρκου
533 1925 592 2006 τάς
601 1926 744 2012 γεραράς
754 1930 809 1996 καὶ
820 1927 872 1996 ὅτι
882 1926 956 1995 οὐδ’
969 1926 1082 2009 αὐταῖς
1091 1944 1162 2010 ταῖς
1173 1931 1258 2015 δρύ-

313 2047 386 2106 σαις
401 2026 442 2095 τά
459 2025 531 2110 ίερά
549 2033 652 2094 ταῦτα
670 2021 745 2093 οἷόν
755 2024 787 2091 τ’
799 2028 867 2094 ἐστὶ
877 2029 985 2111 λέγειν
995 2025 1078 2114 πρὸς
1087 2026 1257 2097 ἀλλονού-

314 2129 400 2192 θένα
432 2128 512 2211 φέρε
533 2122 574 2209 δὴ
596 2127 651 2191 καλ
672 2131 858 2210 μαρτυρίαν
879 2126 1095 2212 παράσχωμαι
1113 2125 1196 2213 ύμῖν
1216 2123 1255 2195 δι’

312 2220 501 2311 ἀπορρήτου
517 2223 580 2309 μὲν
594 2222 879 2310 γεγενημένην,
858 2250 947 2317 ομως
957 2223 1044 2292 55²
1002 2239 1114 2304 αυτοῖς
1124 2240 1200 2305 τοῖς
1203 2250 1257 2294 πε-

313 2325 514 2442 πραγμένοις
522 2323 668 2402 ἐπιδείξω
680 2322 832 2410 φανερὰν
842 2316 947 2392 οὖσαν
958 2323 1063 2411 αύτην
1074 2328 1130 2394 καὶ
1141 2325 1256 2412 ἀληθῆ.

268 2440 304 2495 80
315 2418 359 2501 ὡς
376 2419 440 2508 γάρ
452 2425 582 2507 ἐγένετο
591 2448 631 2489 τα
619 2419 715 2505 ίερά
725 2430 829 2489 ταῦτα
840 2423 894 2489 καὶ
904 2420 1111 2508 ανεβησαν
1081 2449 1096 2490 ε
1110 2450 1127 2502 ς
1130 2422 1258 2507 Αρειον

305 2521 423 2604 Ιττάγον
439 2523 474 2586 οί
492 2518 631 2586 έννέα”
609 2545 764 2606 αρχοντες
782 2532 853 2597 ταῖς
872 2516 1132 2604 καθηκούσαις
1115 2522 1257 2605 ημέραις,

314 2614 419 2696 εὐθύς
435 2615 456 2704 ἡ
473 2617 578 2704 βουλὴ
597 2616 617 2704 ἡ
635 2621 672 2685 ἐν
685 2615 796 2705 Ἀρείω
817 2618 928 2706 πάγῳ,
951 2614 1059 2702 ὥσπερ
1082 2619 1138 2684 καὶ
1159 2616 1258 2686 τάλλα

314 2723 441 2783 πολλοῦ
458 2713 530 2796 ἀξία
547 2719 614 2784 ἐστὶ
628 2725 669 2804 τῇ
686 2717 779 2784 πόλει
796 2714 1065 2801 περὶεύσέβειαν,
1088 2716 1191 2802 ἐζήτει
1200 2715 1259 2802 τὴν
1301 2761 1304 2771 s

314 2827 458 2898 γυναῖκα
474 2813 599 2899 ταύτην
609 2821 670 2881 τοῦ
682 2816 864 2899 Θεογένους
874 2812 943 2900 ἥτις
952 2807 1011 2901 ἦν,
1033 2817 1089 2882 καλ
1099 2816 1256 2903 έξήλεγχε,

313 2913 368 2978 καὶ
378 2913 452 2995 περὶ
462 2919 531 2979 τῶν
542 2917 642 2997 ίεροῑν
651 2913 815 2999 πρόνοιαν
825 2917 980 2996 ἐποιεῖτο,
992 2915 1047 2981 καλ
1057 2915 1190 2999 ἐζημίου
1201 2911 1258 2980 τὰν

315 3013 480 3097 Θεογένην
491 3009 553 3079 ὅσα
563 3017 662 3094 κυρία
673 3014 776 3097 ἐστὶν,
788 3017 826 3079 ἐν
836 3009 1010 3099 ἀπορρήτῳ
1022 3012 1058 3079 δὲ
1068 3013 1124 3078 καλ
1136 3010 1190 3078 διά
1202 3037 1259 3079 κο-

313 3110 498 3194 σμιότητος·
517 3107 558 3176 ού
568 3106 632 3195 γάρ
643 3107 925 3196 αύτοκράτορέςεί
924 3129 987 3193 σιν,
1000 3107 1045 3188 ὥς
1056 3105 1099 3177 ἀν
1107 3109 1259 3195 βούλων-

267 3227 301 3279 81
312 3233 381 3291 ται,
401 3205 588 3293 Ἀθηναίων
604 3208 678 3275 τινά
695 3208 842 3276 κολάσαι.
874 3211 1063 3294 γενομένων
1079 3207 1115 3276 55
1137 3209 1257 3295 λύγων,

312 3403 535 3490 ζημιούσης
502 3430 563 3472 τον
574 3408 756 3490 Θεογένην,
778 3402 829 3473 ὅτι
843 3375 1000 3492 τοιαύτην
1010 3375 1106 3493 ἔλαβε
1116 3420 1259 3491 γυναῖκα

311 3497 365 3563 καί
382 3499 504 3585 ταύτην
521 3510 609 3570 είασε
626 3508 760 3588 ποιησαι
777 3530 817 3570 τα
805 3501 954 3587 “ίερά“
918 3530 958 3570 τα
969 3501 1096 3590 ἀρρητα
1106 3499 1243 3590 ὑπὲρ
1202 3529 1259 3589 της

311 3594 452 3678 πόλεως,
475 3602 577 3666 ἐδεῖτο
600 3596 617 3667 ὁ
637 3604 800 3686 Θεογένης
817 3601 975 3669 ἱκετεύων
990 3604 1044 3669 καὶ
1061 3599 1257 3688 ἀποβολῶν,

304 3694 418 3777 λέγων
434 3689 486 3760 ὅτι
503 3693 566 3764 ούκ
582 3694 656 3787 ᾔδει
672 3705 818 3786 Νεαίρας
834 3697 938 3785 αὐτὴν
955 3692 1061 3768 οὖσαν
1076 3703 1257 3785 θυγατέρα,
