3159 4409
475 527 659 589 ΠΡΟΟΙ
669 526 708 586 Μ
717 528 741 589 Ι
746 529 779 588 Α
806 531 1025 591 va—XLVII.
1091 528 1095 533 ⁴
1156 529 1221 594 373

271 688 418 777 ἡγοῦμαι
429 688 630 773 ψεύδεσθαι,
644 691 674 778 εί
683 684 729 774 μὴ·
740 689 930 776 συνῄδεσαν
939 697 1058 775 ταῦτα,
1070 693 1124 759 καὶ
1134 694 1220 777 πρό-

271 794 374 875 δηλον
391 779 434 873 ἦν
452 784 504 855 ὅτι
521 785 703 853 δεινότατοι
720 786 859 856 πάντων
870 786 1042 874 ύμεῖςέστέ
1053 785 1219 876 ἀκούεινὸ

269 914 300 955 τι
316 886 361 955 ἀν
377 912 425 966 τις
441 882 515 954 καθ’
527 881 624 970 ὑμῶν
639 889 725 973 λέγη.
759 891 790 953 εί
798 888 860 972 μέν
870 881 934 954 ούν
944 885 1064 974 ταύτης
1073 895 1131 974 τῆς
1142 886 1220 973 εύη-

267 993 362 1065 θείας
372 990 468 1072 δίκην
477 980 564 1071 ύμάς
575 987 624 1051 δεῖ
635 983 780 1073 διδόναι,
802 984 924 1070 λόγους
939 984 981 1052 ού
993 985 1220 1071 προσήκοντας
1227 1005 1296 1063 1454

267 1084 350 1155 κατὰ
362 1092 419 1171 τῆς
430 1084 557 1163 πόλεως
568 1080 721 1169 ἀκούειν,
734 1082 821 1152 τοῦτ’
835 1080 880 1151 ἀν
890 1094 949 1170 εἴη.
972 1091 1002 1152 εί
1011 1083 1045 1151 δ’
1056 1082 1219 1168 ύπὲρτοδυ

268 1183 407 1271 ἀληθῶν
420 1192 489 1250 εἴτι
502 1186 632 1250 δίκαιον
642 1184 771 1268 ῥητέον,
783 1185 836 1251 έπλ
848 1181 940 1252 τοῦτ’
954 1182 1019 1267 έγοδ
1030 1185 1218 1270 παρελήλυ-

266 1293 331 1366 θα,
352 1281 520 1350 πιστεύων
537 1279 600 1349 ούκ
619 1274 720 1360 αύτός
736 1279 835 1361 ἀξίως
850 1290 919 1350 των
930 1281 1012 1368 ύμῖν
1029 1286 1218 1370 πεπραγμέ-

267 1408 336 1450 νων
347 1385 449 1450 εἰπεῖν
461 1380 667 1466 δυνήσεσθαι
673 1430 683 1463 ,
707 1377 794 1447 ἀλλά
805 1379 846 1448 τοὶ
859 1381 1050 1468 πράγματα,
1074 1379 1218 1461 ὅπωςάν

262 1506 313 1560 τις
324 1485 530 1569 είπη,ψδίκαια
541 1488 731 1566 φανεῖσθαι.
756 1486 940 1566 βουλοίμην
957 1479 989 1547 δ’
1001 1476 1045 1546 ἀν
1064 1476 1166 1565 ὑμᾶς,
1190 1474 1218 1548 (ὅ

266 1577 385 1665 ἀνδρες
398 1578 584 1665 Ἀθηναῖοι,
606 1586 699 1656 ίσους
716 1575 884 1660 ἀκροατὰς
901 1576 985 1665 ὑπὲρ
998 1577 1094 1665 ὑμῶν
1105 1578 1218 1648 αὐτῶν

265 1681 440 1762 γενέσθαι,
457 1679 512 1744 καί
530 1674 574 1763 μὴ
590 1683 637 1766 τῷ
647 1683 816 1762 προῆχθαι
825 1676 905 1756 τούς
916 1677 1039 1762 λόγους
1049 1683 1219 1747 ἐπαινέσαι

265 1777 344 1854 τούς
353 1775 483 1842 τούτων
493 1782 702 1860 φιλονεικεῖν.
721 1773 768 1842 ὀύ
785 1773 852 1862 γὰρ
862 1770 907 1842 ἀν
923 1772 1088 1862 ὑμετέραν
1098 1786 1218 1846 κακίαν

264 1870 374 1952 ούδεὶς
383 1877 430 1940 ἔτι
444 1879 570 1957 κρίναι,
582 1879 614 1941 εί
625 1866 923 1957 λέγοντόςτινοςεύ
929 1877 1215 1964 παρεκρούσθητε,

264 1969 348 2039 ἀλλά
370 1978 435 2039 τῶν
455 1973 507 2055 ἐπὶ
527 1969 635 2062 τούτῳ
664 1971 818 2059 σπονδὴν
842 1976 1093 2062 ποιησαμένων,
1127 1975 1218 2057 ὅπως

264 2067 629 2156 ύμάςέξαπατήσουσιν.

698 2175 775 2236 ΜΖ.

240 2297 244 2305 ·
351 2263 451 2350 Οἶμαι
462 2265 587 2344 πάντας
598 2263 641 2333 ἀν
650 2265 754 2352 ὑμᾶς,
771 2259 804 2335 ὀἷ
815 2264 1127 2355 ἀνδρεςἈθηυαῖοι,
1148 2279 1215 2355 φῆ-

223 2401 233 2414 ·
266 2385 321 2434 σαι
340 2361 362 2431 ἀ
378 2366 530 2450 βέλτιστα
548 2365 685 2442 ἕκαστος
701 2362 829 2449 ἡγεῖται
840 2371 882 2450 τῇ
898 2365 1008 2449 πόλει,
1032 2365 1215 2453 βούλεσθαι

265 2472 370 2533 ταῦτα
382 2469 582 2548 πραχθῆναι.
611 2463 835 2550 συμβαίνειδέ
842 2485 881 2544 γε
896 2460 940 2548 μὴ
953 2461 1036 2529 κατά
1047 2461 1146 2531 ταύτό
1158 2489 1215 2531 κε-

265 2572 402 2652 κρίσθαι
419 2561 509 2647 παρὰ
527 2569 608 2630 πᾶσι
624 2559 661 2630 τδ
681 2563 867 2649 βέλτιστον·
887 2557 929 2627 ού
945 2559 1010 2646 γάρ
1023 2556 1065 2628 ἀν
1076 2560 1172 2648 ὑμῶν
1182 2566 1217 2630 οῖ

264 2665 325 2750 μέν
336 2667 455 2749 λέγειν,
472 2664 507 2729 οἱ
517 2660 552 2729 δὲ
562 2659 607 2747 μὴ
619 2662 726 2746 λέγειν
737 2661 899 2728 ἐκέλευον.
934 2661 1018 2747 πρός
1028 2664 1089 2748 μέν
1098 2668 1215 2729 τοίνυν

262 2760 341 2842 τούς
352 2758 574 2849 ὑπειληφότας
583 2758 687 2827 ταύτά
698 2761 882 2846 συμφέρειν
893 2757 1032 2837 οὐδενὸς
1046 2763 1100 2826 δεῖ
1111 2758 1215 2845 λόγον

263 2867 309 2948 τῷ
319 2862 470 2946 μέλλοντι
480 2863 602 2946 λέγειν·
624 2862 835 2945 πεπεισμένοι
845 2857 910 2945 γὰρ
921 2857 1120 2946 ὑπάρχουσι·
1130 2856 1216 2947 πρὸς

264 2957 300 3026 δέ
311 2957 388 3038 τούς
398 2958 556 3028 τάναντία
566 2961 750 3044 συμφέρειν
760 2954 967 3045 ἡγουμένους
977 2963 1100 3046 βραχέα
1111 2963 1214 3024 εἰπεῖν

261 3057 433 3147 βούλομαι.
448 3058 492 3143 μὴ
506 3059 662 3124 ἐθέλουσι
675 3056 736 3142 μὲν
746 3052 811 3125 ούν
821 3056 959 3125 ἀκούειν
969 3055 1033 3124 ούκ
1042 3061 1092 3123 ένι
1103 3055 1213 3141 δήπου

261 3166 400 3244 μαθεῖν,
422 3155 523 3225 ούδὲν
536 3164 663 3242 μᾶλλον
677 3150 700 3236 ἀρ’
719 3165 868 3225 σιωπῶσι
885 3155 1027 3242 μηδενὸς
1043 3157 1209 3240 λέγοντος·

260 3254 426 3324 ἀκούσασι
443 3255 479 3324 δέ
493 3259 590 3323 δυοῖν
606 3253 750 3340 ἀγαθοῖν
766 3253 830 3324 ούκ
847 3259 897 3321 ἔνι
912 3255 1060 3337 θατέρου
1071 3257 1211 3340 διαμαρ-

259 3368 336 3423 τεῖν.
368 3350 391 3442 ἦ
408 3354 474 3441 γάρ
490 3357 683 3434 πεισθέντες
699 3353 821 3432 πάντες
838 3352 893 3421 καὶ
908 3348 1013 3420 ταύτὰ
1031 3352 1210 3436 ἐγνωκότες

259 3453 452 3540 κοινότερον
467 3453 711 3539 βουλεύσεσθε,
735 3443 778 3519 ού
798 3457 910 3538 μεῖζον
933 3457 979 3530 είς
1000 3447 1041 3518 τύ
1060 3452 1209 3538 παρόντα

258 3550 360 3620 οὐδέν
375 3548 418 3619 ἀν
437 3552 565 3636 γένοιτο
583 3549 731 3638 ἀγαθόν·
754 3545 777 3635 η’
794 3550 839 3636 μη
861 3552 1066 3635 δυνηθέντος
1081 3557 1142 3617 τοῦ
1154 3551 1209 3616 λέ-

258 3675 374 3734 γοντος
390 3650 517 3730 διδάξαι
533 3651 749 3738 βεβαιότερον
758 3663 828 3727 τοῖς
844 3652 1064 3735 ἐγνωσμένοις
1073 3645 1208 3715 πιστεύ-’

257 3768 338 3815 σετε.
361 3742 458 3836 χωρὶς
475 3751 512 3818 δέ
528 3750 659 3819 τούτων
670 3746 750 3818 οὐδὲ
760 3746 868 3836 καλήν
879 3745 1026 3830 ὑποψίαν
1038 3755 1103 3834 ἔχει
1112 3744 1207 3834 ἥκειν
