3159 4409
320 496 383 563 ειο
519 501 583 558 m.
620 456 1065 575 [ΛΗΜοΣοααοοΣ]

277 673 312 729 39
321 665 463 728 κείσεται
479 661 617 745 βέλτιον.
639 661 757 725 καίτοι
771 654 878 723 καλὸν
893 655 955 740 μὲν
967 657 1026 722 καί
1043 652 1096 723 διὰ
1114 652 1220 740 τύγην
1233 656 1269 723 ἐν

321 773 388 837 τοῖς
398 755 669 832 σπουδαιοτάτοις
676 752 916 841 θαυμάζεσθαι,
928 751 1014 820 πολὺ
1024 751 1060 820 δὲ
1069 749 1208 819 κάλλιον
1217 750 1269 845 διδ

320 855 382 943 τήν
394 856 584 940 ἐπιμέλειαν
599 850 659 939 τήν
676 847 782 918 αὑτοῦ
790 848 931 936 μηδενὸς
940 856 1008 917 τῶν
1018 846 1270 935 ἐνδόξυνάμοι·

322 981 384 1042 ρον
393 957 566 1039 γενέσθαι·
589 958 647 1037 τῆς
659 951 719 1036 μὲν
728 947 793 1035 γάρ
804 954 906 1018 ἐνίοτε
916 951 1049 1028 καὶτοῖς
1059 948 1202 1033 φαύλοις
1211 974 1271 1035 με-

320 1065 452 1138 τασχείν
462 1053 597 1136 συνέβη,
608 1057 665 1136 τής
676 1046 707 1116 δ’
721 1046 783 1116 οὐκ
794 1051 883 1116 ἔστιν
893 1047 1003 1128 ἀλλοις
1014 1055 1173 1134 μετουσία
1183 1045 1269 1134 πλήν

277 1148 889 1234 λοτοῖςένάνδραγαθίμδιαφέρουσιν.
912 1144 996 1213 ἀλλά
1005 1144 1073 1232 μήν
1082 1153 1161 1230 περί
1166 1172 1204 1232 γε
1213 1155 1268 1232 της

319 1254 517 1335 φιλοσοφίας
533 1242 677 1332 ἀκριβῶς
692 1246 754 1332 μὲν
764 1245 885 1317 ἕκαστα
896 1248 1041 1316 διελθεῖν
1051 1241 1199 1330 ἡγοῦμαι
1209 1242 1267 1312 τδν

318 1353 479 1436 μ’έλλοντα
495 1346 619 1432 χρόνον
633 1342 713 1431 ἡμῖν
723 1346 1000 1430 ἐπιτηδειοτέρους
1010 1342 1149 1426 καιροὺς
1160 1367 1266 1430 παρα-

318 1449 452 1515 δῶσειν·
476 1445 647 1531 συντόμως
663 1441 696 1511 δ’
713 1449 818 1512 εἰπεῖν
835 1440 914 1513 οὐδὲ
931 1448 1002 1510 νῦν
1014 1440 1115 1522 οὐδὲν
1124 1443 1267 1510 κωλύσει

317 1550 391 1629 περὶ
409 1542 517 1631 αύτής.
542 1548 589 1615 ,ἓν
606 1536 671 1610 ούν
684 1549 820 1628 πρῶτον
837 1542 944 1611 ἐκεῖνό
954 1562 991 1611 σε
1002 1547 1054 1610 δεῖ
1061 1553 1265 1629 καταμαθεῖν

243 1682 254 1709 ε
317 1642 472 1730 ἀκριβῶς,
484 1642 535 1711 ὅτι
548 1651 636 1710 πολσα
649 1641 711 1725 μὲν
721 1645 851 1709 παιδεία
862 1638 906 1709 δι’
918 1642 1093 1728 ἐπιστήμης
1104 1643 1160 1710 καὶ
1171 1643 1265 1728 μελέ·

316 1767 373 1824 της
389 1741 478 1820 τινδς
489 1744 704 1827 συνέστηκεν,
726 1737 797 1827 ἡδὲ
808 1747 986 1825 φιλοσοφία
997 1741 1051 1808 καὶ
1061 1746 1190 1826 μᾶλλον
1200 1748 1264 1807 τῶν

317 1838 442 1906 ἀλλων·
465 1838 533 1927 ὅσῳ
550 1837 615 1923 γὰρ
633 1836 886 1924 ἀκριβεστέρους
903 1843 966 1923 ἔχει
980 1838 1058 1916 τοὺς
1068 1841 1263 1923 ἐφεστῶτας,

275 1953 307 2005 41
315 1936 463 2025 τοσούτῳ
480 1935 617 2003 αάλλιον
633 1934 740 2022 αὐτὴν
751 1947 946 2022 συγκεῖσθαι
956 1936 1124 2024 προσήκει.
1159 1944 1263 2005 καίτοι

314 2038 349 2099 τί
359 2030 433 2099 ποτ’
446 2027 490 2101 ἀν
499 2039 746 2119 βουληθείημεν
750 2083 761 2118 ,
778 2042 836 2121 τῆς
846 2037 907 2122 μὲν
918 2041 1064 2115 διανοίας
1074 2038 1126 2104 ἐπὶ
1139 2044 1201 2104 τού
1210 2039 1262 2105 λε’·

313 2156 385 2216 γειν
401 2134 457 2200 καὶ
473 2132 696 2217 βουλεύεσθαι
712 2136 924 2220 τεταγμένης,
946 2143 1002 2222 τῆς
1018 2135 1053 2204 δὲ
1065 2140 1261 2220 φιλοσοφίας

314 2232 470 2316 ἑκατέρου
480 2231 609 2301 τούτων
619 2232 790 2316 ἐμπειρίαν
802 2235 1062 2321 παραδιδούσης,
1080 2231 1124 2320 μή
1138 2235 1261 2319 ταύτην

313 2342 486 2414 κατασχεῖν
501 2327 563 2414 τήν
579 2338 807 2416 πραγματείαν
818 2329 862 2398 δι’
874 2324 914 2418 ής
925 2330 1121 2417 ἀμφοτέρων
1133 2335 1261 2400 τούτων

313 2430 477 2511 ἐγκρατῶς
493 2428 626 2514 ἓξομενς
649 2429 722 2496 τότε
739 2430 804 2514 γὰρ
822 2429 909 2509 ελκδς
925 2434 980 2500 καὶ
996 2430 1056 2499 τὸν
1071 2438 1148 2517 βίον
1167 2429 1261 2517 ήμῶν

312 2533 468 2612 μεγίστην
478 2530 626 2595 ἐπίδοσιν
639 2536 769 2615 λαβεῖν,
781 2527 863 2596 δ’ταν
872 2538 940 2596 τῶν
950 2535 1134 2613 κρατίστων
1145 2526 1261 2614 δρεγό-

313 2649 406 2709 μενοι
417 2624 458 2690 τὰ
470 2627 531 2710 μὲν
541 2626 677 2693 διδακτὰ
688 2629 800 2715 τέχνη,
821 2625 862 2694 τὰ
874 2631 910 2696 δὲ
919 2629 1018 2697 λοιποὶ
1029 2635 1197 2717 γυμνασίᾳ
1209 2630 1261 2696 καὶ

270 2738 304 2791 42
313 2731 476 2814 συνηθείᾳ
489 2740 663 2811 κατασχεῖν
674 2730 883 2812 δυνηθῶμεν.
913 2727 1028 2813 οὐγὰρ
1042 2728 1152 2812 δήπου
1162 2727 1261 2795 τοῦτό

312 2819 343 2906 γ’
358 2829 447 2891 ἔστιν
457 2830 576 2911 εἰπεῖν,
590 2823 634 2902 ῶς
645 2823 744 2892 οὐδὲν
755 2824 838 2910 πρὸς
848 2827 885 2893 τὸ
898 2841 1035 2911 φρονεῖν
1048 2818 1089 2893 εύ
1098 2823 1190 2908 παρά
1201 2825 1260 2912 τήν

312 2921 492 3007 ἐπιστήμην
503 2923 703 3008 διαφέρομεν
713 2920 883 3025 ἀλλήλων·
906 2924 990 3003 ὅλως
1000 2922 1136 3012 μὲνγὰρ
1149 2924 1259 2992 ἅπασα

310 3020 411 3103 φύσις
437 3023 576 3107 βελτίων
603 3027 749 3105 γίγνεται
769 3027 920 3091 παιδείαν
941 3031 1177 3110 προσλαβοῦσα
1199 3022 1259 3110 τήν

310 3119 562 3204 προσήκουσαν,
585 3119 672 3186 πολύ
689 3119 725 3186 δὲ
741 3120 879 3204 μάλισθ’
893 3121 985 3200 ὅσαις
996 3125 1028 3202 ἐξ
1039 3119 1141 3208 ἀρχῆς
1151 3121 1258 3208 εὐφν-
1267 3125 1319 3185 1414

309 3219 443 3300 ίστερον
459 3222 527 3285 τῶν
543 3215 655 3285 ἀλλων
665 3221 750 3302 ἔχειν
760 3216 899 3306 ὑπῆρξε·
921 3235 988 3298 τοῖς
998 3226 1059 3307 μὲν
1069 3219 1134 3306 γὰρ
1146 3219 1259 3293 αὑτῶν

308 3313 414 3392 μόνον
422 3323 566 3401 βελτίοσι
577 3323 751 3402 γίγνεσθαι
758 3326 848 3403 ,τοῖς
859 3322 895 3411 δὲ
905 3323 959 3389 καὶ
970 3327 1038 3388 τῶν
1049 3318 1161 3387 ἄλλων
1172 3341 1258 3406 συμ-

266 3416 414 3495 λὸβαίυει
430 3419 619 3500 διενεγκεῖν.
652 3409 692 3483 εὖ
709 3415 742 3484 δ’
753 3417 969 3505 ίσθιτήνμὲν
980 3423 1093 3486 ἐκτῶν
1104 3418 1257 3502 πράξεοιν

306 3514 474 3596 ἐμπειρίαν
490 3520 688 3602 γιγνομένην
706 3517 877 3601 σφαλερὰν
893 3510 1000 3585 οὖσαν
1015 3518 1070 3583 καὶ
1092 3514 1175 3598 πρὸς
1196 3514 1256 3584 τὸν
1289 3516 1292 3521 ’

305 3609 423 3676 λοιπὸν
434 3617 509 3694 βίον
518 3611 687 3700 ἀχρήστως
700 3621 841 3700 ἔχουσαν
848 3666 857 3699 ,
881 3613 943 3700 τήν
953 3621 973 3683 δ
977 3615 984 3639 ’
997 3618 1033 3682 ἐκ
1042 3623 1104 3684 τού
1115 3627 1255 3700 φιλοσο-

304 3720 381 3788 φείν
397 3712 548 3778 παιδείαν
565 3710 649 3797 πρὸς
672 3711 802 3783 ἅπαντα
823 3723 925 3783 ταῦτα
949 3713 1109 3802 εὐκαίρως
1131 3735 1258 3802 συγκε-
