3159 4409
280 457 335 549 ’νο
485 432 578 545 xm
601 483 1038 562 [AHMOzoENom

292 657 379 716 λεῖτο
391 654 548 734 Φορμίων
554 644 807 728 Ἀπολλόδωρον
823 641 971 728 ἀνοίγειν
985 642 1023 712 τὸ
1041 657 1246 732 γραμματεῖ·
1269 651 1274 663 “

293 772 351 830 ου,
374 742 394 813 δ
415 759 567 829 παρεῖχεν
584 741 723 830 Ἀμφίας
744 740 763 810 ὁ
786 749 1054 829 Κηφισοφῶντος
1071 741 1243 830 κηδεστὴς,

290 841 539 926 Ἀπολλόδωρον
556 839 587 908 δ’
603 839 665 909 οὐκ
682 845 812 910 ἐθέλειν
829 839 986 926 ἀνοίγειν.
1019 840 1109 910 οὕτω
1123 844 1184 928 μὲν
1200 837 1245 910 ἀν

292 951 537 1030 μαρτυροῦντες
558 941 701 1009 ἐδόκουν
726 938 837 1027 ἀληθῆ
859 954 1053 1027 μαρτυρεῖν·
1086 938 1246 1026 ἀντίγρα-

293 1067 342 1128 φα
361 1041 396 1109 δὲ
413 1049 480 1108 τῶν
498 1044 671 1126 διαδηκοῖν
688 1047 756 1106 τοδν
772 1047 947 1118 Πασίωνος
964 1053 1144 1126 μαρτυρεῖν
1161 1038 1246 1108 εἶναι

292 1137 333 1207 τά
346 1142 384 1207 έν
394 1147 441 1229 τῷ
450 1145 659 1228 γραμματείῳ
671 1134 693 1205 δι’
710 1145 879 1225 παρείχετο
892 1146 1067 1225 Φορμίων,
1087 1138 1168 1226 μήτε
1179 1164 1244 1206 πα·

294 1239 537 1323 ραγενομένους
565 1240 679 1325 ἐκείνην
702 1240 937 1326 διατιθεμένῳ,
968 1235 1043 1324 μήτ’
1067 1238 1196 1317 εἰδότας
1217 1241 1247 1305 εί

294 1340 441 1419 διέθετο,
463 1340 534 1412 πῶς
552 1331 593 1400 οὐ
611 1341 802 1419 περιφανῶς
824 1333 1038 1422 ἀναισχυντία
1059 1341 1154 1404 δοκεῖ
1165 1334 1246 1422 ὑμῖν

294 1434 393 1515 είναις

268 1557 285 1612 6
375 1532 471 1601 Ἀλλά
488 1531 555 1620 μήν
566 1538 597 1601 εί
612 1535 694 1619 φησί
703 1537 898 1619 Φορμίωνος
914 1534 1069 1618 λέγοντος
1078 1531 1246 1602 πιστεύειν

294 1631 389 1699 ταῦτ’
401 1628 513 1717 ἀληθῆ
524 1629 618 1717 εἶναι,
629 1638 690 1699 τοῦ
701 1628 808 1700 αὐτοῦ
819 1629 942 1716 ἀνδρός
953 1634 1021 1700 ε’στι
1031 1632 1201 1701 πιστεύειν
1210 1656 1245 1700 τε

295 1731 424 1814 λέγοντι
433 1730 540 1816 τούτῳ
557 1738 661 1797 ταῦτα
677 1733 732 1798 καί
749 1731 920 1798 κελεύοντι
936 1747 1124 1820 μαρτυρεῖν.
1158 1735 1194 1800 οί
1210 1734 1249 1800 δέ

294 1853 333 1913 γε
344 1825 441 1912 νόμοι
452 1826 493 1895 οὐ
503 1835 607 1895 ταῦτα
617 1831 783 1914 λέγουσιν,
803 1826 871 1896 ἀλλ’
888 1824 912 1895 ἀ
933 1826 977 1897 ἀν
988 1835 1059 1918 είδή
1070 1858 1119 1910 τις
1128 1832 1185 1899 καὶ
1198 1823 1246 1909 οἷς

295 1923 339 1994 ἀν
355 1930 579 2015 παραγένηται
594 1929 843 2014 πραττομένοις,
865 1936 968 1997 ταῦτα
986 1943 1167 2017 μαρτυρεῖν
1187 1954 1245 1997 ιτε-

294 2026 453 2095 λεύονσιν
470 2031 507 2094 έν
524 2034 734 2116 γραμματείῳ
747 2030 978 2114 γεγραμμένα,
999 2032 1056 2095 ’ίνα
1071 2025 1147 2113 μήτ’
1159 2026 1245 2113 ἀφε-

293 2135 363 2194 λεῖν
384 2127 439 2213 έξῇ
461 2129 564 2213 μηδὲν
584 2127 665 2212 μήτε
686 2136 884 2211 προσθεῖναι
911 2141 979 2207 τοῖς
998 2133 1242 2215 γεγραμμένοις.

268 2222 400 2312 λάκοήν
412 2224 444 2292 δ’
457 2224 519 2294 οὐκ
531 2230 607 2293 ἑοῖσι
619 2232 739 2306 ζῶντος
749 2239 940 2313 μαρτυρεῖν,
956 2224 1040 2294 ἀλλά
1052 2233 1244 2304 τεθνεῶτος.

292 2325 406 2392 τῶνδέ
417 2322 850 2412 ἀδυνάτωνκαίδπερορίοιν
868 2329 1089 2412 ἐκμαρτυρίαν
1100 2350 1246 2410 γεγραμ

292 2426 397 2511 μένην
408 2426 502 2515 ἐντῷ
513 2431 737 2514 γραμματείῳ·
760 2426 816 2493 καί
831 2421 898 2491 ἀπὸ
914 2430 972 2509 τής
988 2423 1091 2509 αὐτῆς
1109 2421 1246 2508 έπισκή·
1267 2498 1269 2509 Ι

293 2538 380 2603 νέως
391 2524 454 2611 τήν
467 2551 502 2592 τε
513 2531 700 2610 μαρτυρίαν
712 2527 768 2593 καὶ
786 2527 1009 2611 ἐκμαρτυρίαν
1026 2521 1247 2608 ἀγωνίζεσθαι
1254 2527 1289 2586 11ί

292 2621 376 2707 ἅμα,
387 2620 428 2689 ἵν’
441 2620 501 2690 έάν
511 2628 572 2708 μὲν
583 2621 780 2709 ἀναδέχηται
798 2620 816 2691 ὁ
833 2621 1098 2707 ἐκμαρτυρήσας,
1121 2623 1247 2698 ἐκεῖνος

292 2714 484 2808 δπόδικοςή
493 2729 562 2789 τῶν
572 2727 889 2807 ψευδομαρτυριῶν,
907 2719 966 2788 έάν
977 2721 1014 2788 δὲ
1024 2717 1068 2805 μή
1084 2716 1247 2804 ἀναδέχη-

267 2828 356 2906 θται,
364 2823 399 2886 οί
407 2819 675 2905 μαρτυρήσαντες
683 2818 981 2906 τήνέκμαρτυρίαν.
994 2821 1167 2905 Στέφανος
1177 2823 1247 2886 τοί-

294 2945 359 2986 νυν
381 2914 509 3004 οδτοσί,
539 2916 606 2986 οὔτ’
627 2917 722 2998 ε’ίδώς
750 2919 914 3004 διαθήκας
941 2916 1166 2986 καταλιπόντα
1187 2911 1247 2983 τὸν

294 3021 419 3101 πατέρα
436 3016 548 3105 ήμῶν,
573 3017 650 3087 οὔτε
666 3018 936 3106 παραγενόμενος
955 3016 1087 3084 πώποτε
1098 3018 1247 3082 διατιθε-

295 3120 383 3205 μένην
404 3124 451 3206 τῷ
472 3119 569 3204 πατρί
590 3115 702 3204 ήμῶν,
726 3116 873 3196 ἀκούσας
894 3116 930 3184 δὲ
948 3121 1166 3202 Φορμίωνος,
1187 3137 1248 3199 με·

295 3215 506 3302 μαρτύρηκεν
522 3214 629 3303 ἀκοήν
646 3215 686 3285 τά
705 3223 810 3304 ψευδῆ
825 3243 861 3284 τε
877 3217 933 3285 καὶ
949 3212 1040 3299 παρά
1053 3211 1114 3282 τὸν
1130 3211 1245 3299 νόμον.

295 3314 350 3379 καί
360 3313 455 3382 ταῦθ’
469 3314 519 3384 ὅτι
530 3313 643 3402 ἀληθῆ
656 3319 752 3404 λέγω,
771 3313 875 3384 αὐτὸν
885 3312 965 3400 ὑμῖν
974 3313 1034 3383 τὸν
1044 3314 1152 3398 νόμον
1163 3308 1248 3380 ἀνα-

294 3412 466 3500 γνώσεται.

676 3520 853 3584 ΝΟΜΟΣ.

379 3624 500 3712 [Ἀκοήν
520 3630 595 3697 εἶναι
615 3641 772 3717 μαρτυρεῖν
793 3637 964 3711 τεθνεῶτος,
996 3628 1194 3712 ἐκμαρτυρίαν
1214 3623 1248 3689 δὲ

336 3709 492 3798 ὑπερορίου
503 3719 553 3781 καί
564 3712 739 3798 ἀδυνάτοο.]
