3159 4409
556 498 698 561 KATA
724 499 971 577 μακιΡΑΣ.
1090 482 1096 580 ἶ
1173 502 1235 567 τοι

290 659 423 747 ἀφιέναι
443 652 508 727 οὖν
528 656 613 745 αὐτῇ
624 664 752 744 ἔφασαν
770 664 817 737 είς
834 661 1028 747 ἐλευθερίαν
1041 669 1144 748 χιλίας
1155 668 1237 747 δρα-

289 759 388 848 χμάς,
410 763 627 836 πεντακοσίας
638 758 805 842 ἑκάτερος·
833 757 892 837 τὰς
902 755 934 825 δ’
949 768 1051 827 είκοσι
1067 767 1151 845 μνᾶς
1163 764 1236 830 ἐκέ-

263 937 269 943 ,
289 869 391 928 λευον
402 855 508 945 αὐτὴν
517 860 718 940 ἐξευροῦσαν
729 853 841 934 αὐτοῖς
851 853 1044 925 ἀποδοῦναι.
1067 854 1236 927 ἀκούσασα

290 955 322 1024 δ’
341 955 425 1043 αὕτη
442 953 522 1035 τούς
542 955 663 1040 λόγους
681 955 820 1034 τούτους
834 963 897 1023 τοῦ
913 981 948 1023 τε
963 953 1161 1040 Εὐκράτους
1182 959 1236 1025 καὶ

293 1061 532 1143 Τιμανορίδου,
550 1057 790 1141 μεταπέμπεται
801 1059 848 1132 είς
858 1054 920 1140 τήν
930 1055 1105 1141 Κόρινθον
1116 1052 1237 1134 ἀλλους
1245 1077 1312 1131 1355

288 1180 323 1223 τε
334 1162 402 1223 τῶν
412 1158 560 1250 ἐραστῶν
568 1161 637 1221 τῶν
647 1156 877 1239 γεγενημένων
894 1150 978 1240 αὑτῇ
990 1155 1047 1221 καλ
1057 1160 1236 1238 Φρυνίωνα

286 1250 346 1322 τόν
356 1254 533 1339 Παιανιέα,
551 1252 717 1338 Δήμωνος
739 1249 995 1337 μὲνόντανίόν,
1017 1251 1237 1338 Δημοχάρους

286 1351 322 1419 δὲ
339 1348 502 1437 ἀδελφόν,
525 1348 672 1440 ἀσελγῶς
689 1349 725 1417 δὲ
742 1350 798 1417 καί
810 1356 999 1429 πολυτελῶς
1008 1350 1164 1435 διάγοντα
1176 1349 1236 1418 τόν

243 1457 277 1512 31
287 1455 377 1536 βίον,
401 1447 444 1528 ῶς
455 1446 551 1535 ὑμῶν
563 1452 598 1516 οί
607 1447 828 1536 πρεσβύτεροι
843 1449 1122 1534 μνημονεύουσιν.
1155 1448 1236 1535 ἀφι·

286 1549 432 1632 κομένου
447 1544 477 1613 δ’
493 1544 537 1624 ῶς
553 1543 659 1632 αὐτὴν
677 1553 739 1613 τοῦ
750 1551 961 1631 Φρυνίωνος,
983 1555 1069 1633 λέγει
1080 1546 1163 1632 πρὸς
1173 1546 1236 1615 αό-

286 1642 348 1713 τόν
358 1640 436 1720 τούς
450 1642 571 1727 λόγους
582 1639 643 1721 οδς
662 1641 755 1710 είπον
769 1641 853 1727 πρὸς
870 1642 978 1731 αὐτὴν
989 1643 1009 1713 ὅ
1019 1671 1054 1713 τε
1063 1644 1236 1733 Εὐκράτης

288 1744 344 1810 καὶ
358 1745 592 1827 Τιμανορίδας,
604 1745 659 1809 καὶ
670 1745 806 1809 δίδωσιν
824 1737 916 1830 αάτῶ
925 1739 1106 1830 τάργύριον
1116 1740 1136 1812 δ
1146 1744 1235 1831 παρά

288 1846 357 1908 τῶν
376 1835 487 1906 ἀλλων
508 1841 656 1924 ἐραστῶν
682 1839 946 1927 ἐδασμολόγησεν
966 1846 1087 1926 ἔρανον
1107 1849 1153 1922 είς
1173 1843 1234 1929 την

287 1941 483 2024 ἐλευθερίαν
493 1941 715 2024 συλλέγουσα,
727 1940 781 2008 καὶ
793 1948 827 2008 εί
832 1965 864 2007 τι
874 1939 939 2028 ἀρα
950 1937 1033 2029 αὕτη
1045 1943 1234 2028 περιεποιή-

287 2057 383 2122 σατο,
406 2037 460 2104 καλ
477 2039 579 2104 δεῖται
595 2033 701 2105 αάτοῦ
719 2041 911 2126 προσθέντα
927 2039 964 2108 τό
982 2044 1171 2128 ἐπίλοιπον,
1193 2035 1235 2110 οὗ

286 2136 439 2219 προσέδει
450 2139 496 2213 είς
506 2132 564 2225 τάς
575 2145 789 2222 είκοσιμνάς,
812 2148 1006 2206 καταθεῖναι
1024 2139 1127 2226 αὐτῆς
1143 2147 1235 2229 τῶνε

287 2232 451 2318 Εόκράτει
467 2234 523 2300 καὶ
542 2240 588 2322 τῷ
609 2239 811 2322 Τιμανορίδᾳ
834 2232 918 2303 ῶστε
937 2239 1120 2322 ἐλευθέραν
1142 2237 1233 2306 εἶναι.

242 2343 278 2397 32
288 2333 430 2420 ἀσμενος
447 2328 478 2398 δ’
491 2328 637 2410 ἀκούσας
653 2334 777 2411 ἐκεῖνος
795 2331 875 2411 τοὺς
890 2334 1011 2418 λόγους
1020 2336 1160 2414 τούτους
1173 2334 1235 2402 αά-

288 2440 362 2520 τῆς,
384 2430 439 2498 καὶ
455 2427 570 2516 λαβῶν
587 2427 771 2516 τάργύριον
787 2427 808 2496 δ
825 2428 914 2512 παρὰ
925 2438 993 2499 τῶν
1010 2436 1158 2514 ἐραστῶν
1168 2441 1235 2500 τῶν

287 2529 398 2599 ἀλλων
409 2530 585 2614 εἰσηνέχθη
597 2524 694 2615 αὐτῇ,
705 2530 759 2595 καί
770 2530 931 2612 προσθεὶς
942 2526 978 2596 τό
990 2531 1161 2598 ἐπίλοιπον
1172 2528 1236 2597 αό-

286 2628 342 2708 τὸς
358 2633 575 2714 κατατίθησιν
596 2624 773 2713 αὐτῆςπῶς
790 2636 895 2696 εἴκοσι
912 2634 996 2714 μνᾶς
1015 2635 1062 2713 τῶ
1071 2627 1236 2711 Εὐκράτει
1253 2682 1258 2697 .

286 2733 398 2818 καὶτῷ
411 2731 613 2815 Τιμανορίδᾳ
625 2723 670 2794 ἐπ’
680 2729 855 2816 ἐλευθερία
865 2729 920 2795 καὶ
931 2723 981 2811 ἐφ’
992 2719 1022 2817 ᾦ
1031 2729 1069 2796 ἐν
1075 2733 1235 2814 Κορίνθῳ

285 2827 330 2914 μὴ
342 2829 543 2914 ἐργάζεσθαι.
564 2828 620 2895 καλ
630 2824 682 2895 ὅτι
692 2823 781 2894 ταῦτ’
795 2819 907 2914 ἀληθῆ
916 2829 1012 2912 λέγω,
1024 2833 1146 2895 τοῦτον
1156 2823 1235 2910 ὑμῖν

285 2924 345 2991 τὸν
357 2927 626 3012 παραγενόμενον
637 2926 789 3012 μάρτυρα
800 2934 899 2994 καλῶ.
929 2933 988 2994 καί
1001 2953 1056 3014 μοι
1068 2925 1162 2994 κάλει
1172 2931 1235 2991 Φί-

285 3032 412 3108 λαγρον
428 3029 580 3094 Μελιτέα.

639 3145 880 3209 MAPTYPIA

371 3259 532 3359 [Φίλαγρος
538 3251 683 3332 Μελιτενς
693 3263 842 3360 μαρτυρεῖ
842 3262 979 3337 παρεῖναι
986 3254 1018 3316 ἐν
1026 3251 1204 3364 Κορίνθρ,”
1188 3280 1234 3319 οιε

332 3334 503 3421 Φρυνίων’
490 3363 505 3402 ο
524 3337 718 3445 Δημοχάρους
735 3333 864 3420 ἀδελφὸς
889 3340 1081 3400 κατετίθει”
1052 3357 1142 3402 εικοσι
1158 3347 1234 3420 μνάς

328 3427 503 3528 Νεαίρας
468 3448 519 3526 της
536 3431 592 3487 νυν
603 3422 817 3507 ἀγωνιζομένης
831 3430 1003 3508 Τιμανορ
961 3425 1012 3485 ίδα
1028 3447 1068 3508 τρι
1056 3428 1233 3526 Κορινθίῳ

329 3508 379 3569 καὶ
398 3502 546 3612 Ειάκράτει
562 3533 603 3615 τῳ
591 3511 794 3571 ἩΛενκαδίω
822 3508 873 3568 καλ
891 3485 1057 3581 καταθέις
1047 3499 1079 3568 τὸ
1091 3500 1234 3590 ἀργύριον

329 3613 416 3672 μχετο
429 3586 552 3673 ἀπάγων
563 3587 696 3672 Ἀθηναζ
694 3615 707 3653 ε
680 3597 752 3666 Ν
765 3594 874 3671 ατρακ]

240 3733 275 3787 33
367 3710 580 3800 Ἀφικόμενος
600 3723 716 3784 τοίνυν
732 3719 832 3801 δεῦρο
855 3719 939 3800 ἔχων
961 3713 1067 3803 μάτην
1088 3714 1232 3799 ἀσελγῶς
