3159 4409
513 513 653 576 KATA
676 513 993 602 οωοιιειαοο.
1142 483 1243 595 2⁵⁵¹

714 782 804 840 LVIII.

410 927 642 1012 ΕΝΛΕΙΞΙΣ
668 935 788 1001 ΚΑΤΑ
825 929 1105 1000 ΘΕΟΚΡΙΝΟΤ.

541 1073 543 1078 ’
610 1099 904 1192 mmm
1240 1106 1306 1162 1321

286 1232 450 1317 Τοῦτον
422 1277 474 1316 τον
485 1246 617 1336 λόγον’
583 1277 639 1316 ονκ
650 1246 738 1317 οίδ”
722 1275 800 1358 ρμως
811 1255 843 1318 ἐν
858 1261 919 1329 τοῖς
931 1213 1119 1328 ίδιωτιιιοῖς’
1100 1246 1231 1335 αναγροί-

283 1358 392 1416 φοοσιν
409 1339 440 1399 οί
452 1338 555 1402 πολλοί
572 1332 745 1446 δημόσιον”
728 1362 800 1401 οντα
817 1343 965 1441 φανερῶς·
995 1341 1086 1420 δήλον
1104 1336 1136 1399 δὲ
1152 1338 1233 1400 ἔσται

282 1428 367 1485 τοῦτο
380 1414 456 1497 λζ’
419 1427 508 1502 αοτής
520 1427 571 1503 τής
581 1419 757 1496 ὑποθέσεως.
786 1416 861 1484 κατὰ
872 1428 931 1486 τῶν
942 1422 1073 1530 ἑτέρωσέ
1069 1444 1120 1483 ποι
1130 1415 1228 1484 καί
1191 1447 1233 1502 μη

280 1497 424 1607 Ἀθήναζε
445 1503 674 1586 σεσιτηγηκότων
691 1500 826 1609 ἐμπόρων
832 1532 862 1608 η
848 1499 1057 1607 ναυκλήρων
1064 1502 1233 1605 Ἀθηναίων

285 1576 477 1734 φασειςήσαν
475 1589 649 1747 ξδεδομήνοιι.
678 1586 767 1696 νόμος
783 1578 845 1652 δὲ
825 1613 878 1671 ην,
891 1590 944 1652 αν
953 1593 996 1665 τίς
1006 1614 1072 1652 τινα
1080 1586 1179 1694 φήνας
1191 1582 1231 1671 μή

284 1669 439 1756 ἐπεξίηήὲ
438 1675 489 1747 πεξ
491 1665 544 1733 ιών
555 1697 595 1752 μη
584 1665 684 1756 λοὶβη
695 1696 727 1737 το
738 1673 915 1774 πέμπτον
878 1697 898 1753 μ
915 1697 964 1756 ρος
971 1697 1031 1737 των
1042 1669 1155 1776 ψηφων
1160 1719 1170 1753 ,
1188 1698 1231 1754 χι-

284 1757 348 1828 λίας
366 1733 488 1820 ἐκτίνειν
504 1779 545 1834 τῳ
533 1757 709 1861 δημοσίω,
731 1764 792 1832 τοῖς
809 1749 872 1821 δὲ’
857 1781 913 1862 οφε
912 1760 1007 1821 ίλοοσι
1017 1782 1059 1838 μη
1046 1751 1174 1835 ἐξεῖναι
1185 1756 1230 1819 λέ-

282 1862 363 1921 γειν·
386 1838 456 1880 ***
478 1839 527 1901 καί
541 1842 650 1943 τρίτος,
668 1817 776 1904 ἐδιν’
711 1866 775 1945 μη
791 1866 834 1916 τις
851 1840 943 1946 δόξή
933 1844 1016 1904 δικαί
1014 1867 1053 1916 ως
1064 1845 1103 1916 είς
1114 1822 1230 1904 ίλεοθε
1240 1901 1245 1917 x

284 1926 352 2005 ρίαν
368 1917 532 2027 οἷφελὲσθαι
540 1920 627 2026 τινὰ,
650 1926 682 1989 τδ
698 1921 789 2008 ήμισν
806 1931 860 1988 τοῦ
873 1923 1037 2026 τιμήματος
1048 1917 1219 2030 ὀφείλειν
1189 1948 1230 1986 τω

284 2010 423 2088 δημοσίω
448 2001 602 2112 ’ὣοιχαρης
621 1999 724 2073 οννέν
725 2009 812 2086 ἔδειξε
825 2013 987 2114 Θεοκρίνην
1003 2034 1058 2073 ονιι
1074 2001 1231 2114 ἔξδναῦτφ
1272 2034 1275 2039 ·

283 2091 377 2173 λέγειν
388 2071 421 2155 δτι
431 2116 520 2191 τριων
531 2091 641 2154 τούτων
651 2090 775 2196 νόμων.
788 2089 884 2156 καί
849 2119 907 2180 γαρ
918 2097 1050 2156 Μίκωνα
1061 2087 1102 2168 ὡς
1114 2069 1232 2198 ἑτέρωσέ

283 2195 335 2238 ποι
344 2171 551 2275 σεσιτηγηκότα
563 2181 656 2277 φήναι
673 2171 775 2258 μὲν’
739 2172 829 2239 αυτὸν
835 2173 930 2277 λέγει,
949 2203 989 2258 μη
978 2171 1172 2276 ἕπεξελθειν
1183 2175 1229 2238 δέ·

285 2260 335 2322 καί
347 2252 544 2341 ἐπιμελητήν
528 2253 586 2322 υπὸ
603 2264 663 2321 τῶν
679 2265 812 2362 φρλετων
826 2252 1036 2361 αποδειχθέντα
1047 2263 1079 2324 ἐν
1090 2253 1232 2368 εὖθήναις

285 2337 396 2406 ἁλῶναι
408 2347 516 2442 κλοπῆς
528 2366 691 2443 χρηματρον,
701 2337 721 2403 δι
731 2331 769 2423 ήν
781 2335 894 2486 ἱεροί
854 2367 913 2405 των
922 2340 1097 2484 ἐπωνύμων
1110 2370 1160 2407 και
1150 2345 1230 2442 τρί-

284 2450 336 2490 τον
347 2421 562 2529 Κηφισοδωροο
573 2420 762 2506 θεραπαιναν
773 2425 838 2498 sig&
838 2425 957 2507 λενθερί
956 2450 993 2487 αν
1004 2421 1112 2500 ἆδίκως
1119 2419 1230 2530 ἆφελδ-

285 2535 374 2593 μενον
384 2505 435 2573 τὸν
445 2508 560 2612 πατέρα
564 2533 616 2572 του
603 2511 791 2612 Θεοκρίνου
800 2512 1028 2618 προσοφλήσαι
1018 2504 1147 2593 δραημδις
1162 2532 1231 2571 πεν-

284 2596 388 2658 τακοσί
387 2621 429 2669 ας.
375 2593 499 2657 ίὲπλ
509 2616 620 2666 τοατοις
630 2586 712 2673 μὲνή
724 2593 851 2673 ἔνδειξις,
864 2593 914 2655 καὶ
925 2617 957 2656 το
967 2601 1088 2677 πραγμα
1099 2599 1233 2695 φανερῶς

286 2676 435 2760 δημόσιον.
464 2676 516 2741 τὸν
532 2677 564 2740 δὲ
579 2671 695 2780 λόγον
684 2700 700 2738 ο
702 2677 830 2740 ίπολλολ
840 2679 1008 2758 νομίζουσιν
1019 2677 1094 2744 εἶναι
1106 2672 1230 2759 Δειναρ-
1319 2682 1325 2697 “

286 2787 348 2844 χον,
361 2765 496 2843 καίτοιγε
507 2755 562 2824 οὐκ
574 2753 730 2823 ιἰπεοικόια
740 2765 799 2823 τῶν
809 2785 861 2824 του
848 2764 1092 2843 Δημοσθένους.

375 3036 442 3097 Τοῦ
454 3028 694 3117 πατρδςήμών,
716 3023 743 3097 οδ
762 3028 880 3116 ἄνδρες
898 3030 1063 3112 δικασταί,
1089 3025 1307 3097 &dem-1322

287 3131 359 3199 τονί
387 3136 570 3216 Θεοκρίνην
597 3128 820 3215 ἀτυχήσαντος
851 3128 934 3213 πρὸς
958 3128 1021 3214 τήν
1049 3126 1149 3194 πόλιν
1177 3127 1231 3194 καί

287 3227 451 3316 ὀφλόντος
461 3232 542 3297 δέκα
552 3228 711 3316 τάλαντα,
723 3231 778 3297 καὶ
787 3228 910 3296 τούτου
921 3231 1042 3294 διπλοῦ
1053 3226 1231 3312 γεγενημέ-

286 3357 349 3399 νου
361 3327 443 3397 ὥστε
460 3326 538 3416 μηδ’
557 3332 670 3397 ἐλπίδα
683 3326 761 3416 ἡμῖν
779 3328 863 3396 εἶναι
879 3333 1040 3414 σωτηρίας
1057 3331 1228 3414 μηδεμίαν,

285 3425 459 3515 ἡγησάμην
471 3432 540 3496 δεῖν
550 3430 602 3496 ἐπὶ
618 3436 665 3518 τῷ
680 3437 895 3514 τιμωρεῖσθαι
912 3423 985 3513 μεθ’
999 3423 1094 3514 ὑμῶν
1109 3434 1230 3495 τοῦτον

285 3524 363 3613 μήθ’
376 3524 505 3613 ἡλικίαν
521 3523 592 3614 μήτ’
604 3526 685 3595 ἄλλο
703 3525 806 3612 μηδὲν
818 3523 1100 3613 ὑπολογισάμενος
1111 3531 1230 3594 δοῦναι

257 3625 346 3713 θοήν
356 3629 494 3706 ἔνδειξιν
504 3625 636 3713 ταύτην.
661 3622 790 3712 καὶγὰρ
802 3621 819 3692 δ
833 3622 956 3712 πατήρ,
969 3618 1124 3709 εδδίνδρες
1136 3628 1230 3688 δικα-

284 3726 367 3811 σταί,
379 3716 468 3814 ᾧπερ
485 3724 592 3795 πάντα
606 3724 805 3811 πειθόμενος
821 3733 998 3815 πεποίηκα,
1020 3724 1103 3812 πρὸς
1120 3718 1230 3788 δι’παν-
