3159 4409
314 502 356 566 28
518 503 608 559 xuu.
644 495 1063 559 ΔΗΜΟΣΘΕΝΟΤΣ

313 669 380 730 τῶν
392 665 428 728 έν
438 664 485 747 τῷ
495 660 587 747 νόμῳ
600 660 781 743 εἰρημένων
792 653 905 722 οὐδέν·
927 648 960 735 ἐξ
970 658 1083 740 ἑτέρου
1094 655 1157 741 γάρ
1170 665 1265 726 οίιιον

271 754 357 848 νδῆν
368 769 429 827 τοῦ
439 765 614 842 Στρατίου.
648 753 689 823 οὐ
701 754 860 843 προσήκει
872 754 923 839 δὲ,
935 748 963 821 6
973 754 1092 839 ἄνδρες
1104 757 1264 842 δικασταὶ,

314 855 436 927 οὐθένα
447 857 640 940 ἀνθρώπων
650 859 734 940 ἔχειν
744 854 805 921 τὸν
814 850 1146 938 κλῆροντόνἎγνίου
1154 859 1188 934 ἐξ
1196 855 1262 922 ἑτέ·

258 985 263 994 ·
314 984 377 1041 ρου
397 956 530 1025 οίκου”
510 974 607 1040 οντα,
632 954 694 1032 ἕως
710 951 754 1019 άν
771 979 819 1029 τις
835 959 984 1036 λείπηται
995 959 1062 1018 τοῖν
1053 955 1266 1039 γενομένων

314 1059 351 1123 ἐν
368 1081 413 1143 τῳ
401 1063 505 1143 ⁸069)
517 1079 562 1143 τῳ
551 1050 718 1137 Ἅγνων,
745 1047 820 1117 066'
833 1050 1005 1137 ἐκβάλλειν
1015 1048 1129 1138 βίγ,“
1110 1075 1192 1138 οπερ
1204 1042 1266 1120 06-

313 1180 365 1221 τοι
382 1120 652 1237 6266966066623
674 1153 763 1235 γένει
782 1174 818 1216 τε
834 1147 992 1232 άπωτέρω
1015 1147 1118 1227 ὄντες
1124 1152 1180 1217 καὶ
1202 1141 1265 1219 οάιιΙ

313 1257 349 1320 ἐν
360 1277 405 1341 τω
416 1247 506 1340 αάτςο
495 1258 607 1338 οἴκῳ.
635 1256 732 1317 τοῦτο
744 1248 808 1332 γάρ
820 1250 924 1332 ἐστιν,
937 1274 963 1315 ω
951 1240 1094 1334 άνέρες
1105 1250 1264 1333 δικασταὶ,

314 1341 341 1416 6
358 1349 609 1472 παρεκρούσατο
621 1348 818 1432 Θεόπομπος
828 1371 846 1413 ο
835 1343 990 1414 τουτουὶ
1001 1371 1107 1432 πατηρ
1119 1353 1265 1431 Μακαρ-

271 1461 304 1515 29
312 1475 423 1518 τατου
446 1455 532 1528 τινες
543 1474 607 1516 ουν
617 1474 649 1516 οι
642 1451 783 1524 λοιποι
799 1449 833 1512 οἱ
841 1449 889 1512 έτι
898 1471 964 1512 νυν
974 1471 1067 1523 οντες
1077 1448 1115 1512 έν
1124 1471 1171 1534 τω
1158 1453 1264 1536 οίιιςο

313 1573 359 1637 τω
347 1543 515 1634 ”Ἀγνίου,
529 1547 708 1633 Φυλομάχη
719 1570 754 1613 τε
764 1573 785 1632 η
773 1542 856 1630 ’έμη
867 1543 964 1631 γυνὴ,
975 1543 1186 1631 Εὐβουλίδου
1196 1554 1265 1612 θυ-

312 1645 416 1764 γάτηρ
429 1639 515 1711 οὖσα
526 1653 585 1712 τοῦ
598 1645 739 1737 ἀνεψιοῦ
748 1669 809 1711 τον
797 1641 959 1762 ‘⁸14y6606‚
971 1645 1026 1710 καὶ
1035 1639 1176 1710 οὑτοσί*
1159 1669 1177 1710 ο
1189 1657 1265 1721 παῖς

313 1739 338 1808 6
355 1743 545 1827 εἰσηγμένος
567 1742 638 1820 υίὸς
655 1739 751 1819 είς
717 1768 777 1809 τον
794 1739 938 1809 οἷκον
904 1768 964 1809 τον
981 1739 1193 1828 Εὐβουλίδου
1208 1743 1264 1810 καὶ

308 1837 449 1961 Αγνίου
481 1837 721 1924 Θεόπομποςδ’
734 1838 897 1908 οτοντουὶ
908 1867 1014 1927 πατηρ
1024 1843 1262 1928 Μακάρτατον,
1273 1857 1314 1911 16

313 1936 375 2006 ονίι
387 1933 436 2007 τάν
446 1965 507 2007 τον
493 1947 612 2007 ὀίιιου
623 1964 683 2007 τον
671 1936 732 2006 A
726 1946 840 2024 γνίου,
859 1939 1019 2019 ἐψεύσατο
1031 1938 1113 2025 πρὸς
1122 1936 1201 2019 τούς
1212 1945 1264 2032 (λι-

313 2033 434 2114 ιιαστάς
455 2033 678 2123 ὑπερμέγεθες
699 2042 823 2118 ψεῦδος
848 2044 926 2122 περί
938 2052 973 2105 τε·
990 2047 1047 2124 τῆς
1063 2027 1263 2125 Φυλομάχης

312 2143 370 2220 τῆς
385 2141 446 2202 τοῦ
455 2138 656 2220 Πολέμωνος
667 2134 829 2223 ἀδελφῆς,
851 2142 988 2222 τηθίδος
999 2137 1028 2205 6'
1039 2135 1189 2222 Ἁγνίου,
1212 2136 1263 2206 ὅτι

313 2231 375 2302 οάκ
396 2225 441 2319 ἦν
459 2259 505 2322 τω
493 2235 742 2324 Πολέμωνι
711 2261 756 2302 τω
774 2242 836 2303 τοῦ
847 2233 981 2320 Ἁγνίου
998 2238 1066 2303 υίεί
1079 2233 1263 2321 ὁμοπατρία

313 2335 368 2400 καὶ
378 2329 561 2419 ὁμομητρία
572 2327 716 2420 άόελφη,
728 2302 783 2402 606
794 2334 896 2401 πάλιν
907 2334 1193 2419 προσποιούμενος
1202 2340 1264 2401 τοῦ

312 2430 419 2500 αὐτοῦ
435 2443 530 2501 ολιιου
552 2430 655 2500 εἶναι’
652 2430 816 2519 Αγνίᾳ,“
800 2460 818 2500 ο
840 2431 1052 2500 οὐδεπώποτε
1072 2431 1261 2517 γενόμενος.

270 2539 415 2599 δοταῦτα
432 2532 469 2600 δὲ
485 2532 571 2599 πάντ
575 2528 707 2611 ’άιλεοὸς
724 2529 871 2617 ἒλεγεν“
857 2559 875 2599 ο
894 2533 1089 2617 Θεόπομπος
1110 2531 1263 2616 μάρτυρα

312 2628 374 2713 μὲν
390 2626 511 2696 οὐθένα
528 2630 794 2715 παρασχόμενος,
817 2628 907 2708 ὅστις
923 2636 1058 2715 ἔμελλεν
1069 2626 1264 2708 ὑπεύθυνος

311 2723 390 2811 ἡμῖν
406 2730 558 2810 ἔσεσθαι,
581 2734 891 2813 συνομολογοῦντας
907 2726 938 2793 6’
960 2730 1065 2815 ἑαυτῷ
1083 2727 1263 2814 έχωντούς

312 2821 505 2906 κοινωνοὺς,
514 2815 641 2908 οΐῆσαν
650 2822 804 2909 ἀλλήλοις
814 2830 1056 2912 συναγωνισταὶ
1068 2832 1122 2895 καλ
1132 2827 1262 2899 ἅπαντα

312 2927 473 3007 ἔπραττον
495 2929 608 3009 κοινῇ,
637 2921 726 3001 ὅπως
746 2922 935 3010 ἀφέλωνται
955 2925 1017 3011 τὴν
1027 2942 1189 3047 γυναῖκα
1202 2928 1264 3012 τὴν

311 3022 443 3088 τουτουὶ
455 3021 577 3106 μητέρα
588 3046 648 3087 τον
636 3019 821 3101 ’παιδὸς
786 3048 848 3093 τον
858 3019 1041 3108 κληρον,
1023 3050 1063 3090 ov
1074 3021 1157 3111 αὐτῇ
1170 3022 1264 3110 ὑμεῖς

267 3133 300 3186 31
312 3123 549 3204 ἐψηφίσασθε
546 3114 781 3205 βονλομαι
739 3147 819 3205 ουν,
832 3114 988 3206 ωανδρες
999 3124 1149 3190 δικασταὶ
1155 3125 1300 3209 ,περίΙ

261 3277 268 3282 .
312 3209 360 3283 οἷν
372 3228 485 3305 εἴρηκα
496 3245 579 3303 προς
589 3245 691 3306 υμας,
711 3226 893 3306 μαρτυρίας
904 3224 1146 3306 παρασχεσθαι,
1169 3221 1264 3308 πρῶ-

309 3339 369 3383 τον
389 3317 449 3401 μεν
466 3316 510 3398 ὡς
527 3323 656 3404 ἐνίκησε
672 3345 732 3386 του
720 3320 945 3405 κλήρουτου
934 3315 1110 3404 “Ayvlov
1094 3346 1115 3405 η
1125 3316 1264 3406 Εὐβοω

311 3417 406 3482 λίθου
418 3417 569 3503 θυγάτηρ
583 3417 773 3504 Φυλομάχη,
788 3420 877 3502 γενει
887 3410 973 3484 οὖσα
983 3417 1161 3504 ἐγγυτάτω,
1173 3422 1264 3485 ἔπει-

311 3537 352 3578 τα
370 3513 444 3598 περὶ
461 3521 528 3580 τῶν
545 3515 656 3586 άλλων
667 3513 833 3584 ἁπάντων.
867 3513 1092 3604 άναγίγνωσιιε
1103 3514 1165 3603 τὴν
1175 3542 1264 3604 μαρ-

311 3612 437 3696 τνρίαν.
