3159 4409
199 483 203 490 ’
271 504 333 569 ιιι
486 506 538 566 ιι,
573 472 987 561 ΛΗΜοΣοααονΣ

274 665 317 745 ὡς
332 664 423 751 ἡμεῖς
440 662 606 747 χρήσιμοι,
629 662 684 727 καὶ
705 656 800 724 αὐτοὶ
816 653 901 724 καὶ
887 683 905 724 ο
924 655 1048 743 πατὴρ,
1072 657 1135 734 ἕως
1150 659 1214 741 ἔζη,

272 765 327 831 καί
348 767 620 849 τριηραρχοῦντες
642 759 696 824 καὶ
717 755 969 841 στρατευόμενοι
988 752 1092 823 καί
1057 780 1096 822 το
1110 773 1216 838 προσ-

272 860 471 979 ταττόμενον
490 854 677 940 ποιοῦντες,
696 852 795 922 καὶ*
773 882 817 934 ως
839 853 936 922 οὐδὲν
957 852 1032 922 οὔθ’
1045 880 1143 933 ουτος
1154 852 1278 925 ου-Ικλι

273 985 307 1027 τε
318 957 518 1025 τόντοότου
529 953 653 1034 οὐδείς·
676 951 744 1022 ἀλλ’
758 953 835 1022 οὔτε
849 980 885 1022 το
875 953 997 1038 ὕδωρ
1008 953 1180 1022 ίκανδν”
1137 978 1215 1021 ουτε

274 1065 339 1125 νῦν
357 1056 430 1139 περὶ
445 1049 606 1121 τούτωνὸ
623 1053 722 1138 λόγος
738 1057 807 1120 έστί
794 1063 835 1120 λυ.
863 1051 942 1121 εί
903 1079 968 1138 γαρ
979 1051 1020 1139 δὴ
1031 1051 1217 1139 ὁμολογου-

274 1158 380 1241 μένως
395 1157 443 1218 ἔτι
454 1151 582 1217 τούτων
598 1152 652 1218 καλ
662 1148 910 1234 ἀχρηστοτέροις
919 1152 974 1216 καὶ
983 1152 1216 1236 πονηροτέροις

273 1250 352 1338 ἡμῖν
369 1249 453 1317 εἶναι
469 1252 679 1336 συνέβαινεν,
702 1244 743 1316 οά
762 1251 935 1332 τυπτητέοι
952 1245 1030 1313 οὐδὲ
1047 1244 1215 1333 ὑβριστέοι

274 1351 384 1436 δήπου
393 1352 501 1434 έσμέυ.

357 1460 430 1532 Οὐκ
450 1459 513 1530 οἶδ’
533 1460 553 1529 ὅ
568 1488 599 1529 τι
615 1465 668 1528 δεῖ
679 1467 780 1528 πλείω
798 1461 919 1545 λέγειν·
942 1459 1030 1546 οίμαι
1046 1459 1111 1547 γὰρ
1129 1456 1214 1544 ὑμᾶς

272 1560 371 1630 οὐδὲν
382 1560 514 1645 ἀγνοεῖν
523 1567 592 1628 τῶν
602 1562 792 1655 εἰρημένων.

713 1917 764 1972 ιν.
961 1965 976 1992 ,,

333 2040 490 2133 ’ΠΡοε
512 2068 772 2135 mmmm
796 2061 917 2136 ΠΕΡΙ
933 2067 1126 2136 τουτον.

597 2237 890 2296 ΥΠΟΘΕΣΙΣ.
984 2256 986 2259 ·
1032 2240 1039 2244 “

219 2417 224 2424 ’
272 2373 467 2490 Καλλικλῆς,
489 2387 561 2497 πρὸς
579 2384 613 2453 δν
629 2384 645 2452 δ
663 2386 760 2472 λόγος,
784 2386 863 2454 καλ“
851 2417 932 2472 οτην
944 2384 1054 2491 δίκην
1040 2413 1082 2453 υπ
1079 2383 1211 2452 ’ἐκείνου

272 2468 390 2552 φεύγων
400 2467 553 2554 γείτονες
532 2492 609 2580 ησαν
620 2475 652 2536 έν
663 2477 768 2575 χωρίῳ,
776 2468 837 2561 οδιβ
847 2477 919 2560 μέση
927 2468 1126 2575 διειργόμενοι.
1140 2476 1210 2535 δυσ-

272 2559 360 2658 ομβρί
359 2582 393 2631 ας
413 2558 444 2620 δὲ
463 2558 627 2661 συμβάσης,
645 2561 685 2632 είς
701 2583 733 2620 το
720 2537 938 2632 Καλλικλέους
955 2551 1210 2658 χοιρίονυδωρέμ·

270 2635 359 2702 πεσὸν
370 2640 403 2702 έκ
418 2647 469 2722 της
486 2636 558 2705 ὁδον
570 2639 794 2742 κατελνμήνατο.
829 2642 876 2704 ἒπλ
886 2637 979 2726 τοότω
990 2636 1089 2702 διώκει
1099 2636 1213 2720 βλάβης

270 2717 322 2785 τὸν
331 2726 459 2829 γείτονα·
482 2720 607 2788 εἶναι’
562 2749 623 2828 γαρ
641 2742 732 2804 φησιν
747 2725 778 2786 έν
788 2750 828 2809 τῳ
816 2726 943 2787 Τισίου
955 2727 1049 2808 χωρίῳ
1061 2723 1212 2827 χαράδραν

270 2809 310 2880 εἰς
327 2803 476 2886 υποδοχην
493 2832 543 2871 τον
530 2805 665 2882 ”λίδατος
680 2832 732 2870 του
749 2809 833 2870 ἕν’
798 2833 848 2889 της
874 2802 945 2870 ὁδοῦ
961 2814 1165 2911 ποιηθεῖσαν,
1173 2830 1212 2888 ην

270 2883 598 2972 ἀποικοδομήσαντα
561 2917 617 2953 ννν
633 2892 761 2954 αἰτίανὲ
761 2916 839 2977 αντρι
827 2887 967 2993 βλάβης
977 2915 1039 2996 γιν
1035 2893 1129 2954 έ.σθαι
1152 2885 1212 2956 ὅδὲ

269 2979 322 3034 τοῦ
342 2977 440 3043 Τισίου
456 2982 525 3049 παῖς
540 2981 656 3056 πρῶτον
671 2974 725 3079 μὲν
740 2955 867 3037 παλαιὸν
885 2976 935 3037 καλ
951 2999 986 3038 ον
977 2968 1039 3036 ”δι
1058 2967 1207 3038 ἑαυτου
1180 2999 1211 3038 το

270 3057 355 3156 ἔργον
367 3060 507 3121 δείκνυσι·
531 3063 635 3134 ζῶντος
645 3084 702 3160 γαρ
714 3060 755 3121 ἔτι
771 3059 822 3121 καὶ
838 3083 889 3121 τον
876 3059 1094 3133 Καλλικλέους
1103 3053 1212 3141 πατρός

267 3132 585 3245 ἀποικοδομηθῆναι
553 3167 608 3247 την
615 3138 765 3242 χαραδραν
775 3138 891 3244 φησίγ
875 3136 933 3206 υπὸ
944 3168 995 3205 τον
982 3145 1122 3205 ”·Τισίου
1135 3144 1210 3205 ἔπει·

268 3243 304 3281 τα
314 3220 517 3323 συνίστησιν
498 3251 537 3299 ως
553 3224 622 3288 ουδὲ
632 3222 765 3307 χαραδρα
774 3251 817 3299 τις
830 3251 862 3288 το
850 3220 979 3328 χωρίον
990 3227 1055 3288 έστί.
1079 3222 1210 3327 διυσόρει

269 3304 367 3366 δὲκαὶ
383 3333 437 3389 την
453 3314 655 3411 συμβᾶσαν
626 3333 667 3370 τοο
655 3313 845 3371 ”Καλλικλεῖ
838 3305 1008 3410 βλάβην’
988 3335 1026 3384 ως
1037 3303 1148 3393 μικρδιν
1158 3311 1209 3372 καί

269 3378 325 3446 οόκ
336 3379 420 3462 ἀξίαν
429 3389 602 3491 τηλικαύτης
614 3371 712 3496 δίκης,
730 3393 780 3453 και
795 3416 828 3454 το
817 3385 908 3454 ολον
917 3386 1081 3475 ηδικῆσθαι
1091 3386 1191 3500 μέν’
1156 3417 1207 3456 ου-

268 3469 319 3531 δέν
329 3488 402 3549 φησι
411 3469 462 3537 τὸν
471 3477 649 3554 Καλλικλέα,
667 3475 823 3555 ἐπιθυμεῖν
834 3475 920 3537 δὲ’
880 3501 939 3537 των
949 3479 1112 3578 χοιρίων”
1071 3501 1130 3538 των
1141 3477 1207 3539 ἕαν-

266 3577 318 3615 τον
305 3553 381 3615 ’καί
393 3555 442 3618 διά
453 3566 535 3622 τοῦτο
547 3562 743 3637 συκοφαντίας
753 3563 942 3638 μηχανᾶσθαι
952 3556 1055 3634 πόσας.
