3159 4409
517 489 659 555 ΚΑΤΑ
691 487 1005 551 ΘΕΟΚΡΙΝΟΤ.
1181 490 1243 557 273

296 657 341 738 τῷ
357 652 417 734 μὲν
431 649 529 733 πατρὶ
539 653 585 737 τῷ
597 645 780 714 πεπονθότι
791 647 847 713 καὶ
858 650 1031 737 δυναμένῳ
1042 645 1085 717 άν
1099 655 1242 737 δηλῶσαι

295 746 378 831 πρός
389 743 475 832 ὑμᾶς
486 747 518 825 ἐξ
531 741 677 830 άνάγκης
686 741 828 829 ἡσυχίαν
839 743 951 811 ἑκτέον
960 747 1047 814 ἐστίν
1058 751 1105 833 (οἱ
1111 745 1175 833 γὰρ
1183 748 1241 816 νό-

294 870 351 930 μοι
373 851 476 911 ταῦτα
498 842 723 926 κελεύουσιν),
745 843 817 926 ἐμοὶ
838 840 874 910 δὲ
893 849 939 928 τῷ
959 844 1095 912 πάντων
1114 847 1242 916 τούτων

294 941 494 1031 ὑστερίζοντι
504 942 655 1025 λεκτέον,
674 943 729 1008 καὶ
740 953 808 1019 τοῖς
817 939 879 1026 μὲν
888 939 1242 1032 άλλοιςτοῖςτηλικού-

294 1065 362 1117 τοις
378 1043 413 1106 οί
428 1041 566 1124 πατέρες
581 1044 768 1124 βοηθοῦσιν
774 1087 785 1123 ,
806 1028 905 1117 οὗτος
921 1036 952 1106 δ’
969 1043 1007 1108 έν
1023 1045 1094 1128 ἐμοὶ
1104 1051 1168 1110 νῦν
1179 1050 1242 1129 ἔχει

249 1161 284 1216 61
293 1137 351 1217 τάς
367 1141 507 1216 ἐλπίδας.
540 1139 693 1204 τοιοῦτον
711 1130 776 1205 ούν
795 1135 1028 1225 ἀγωνιζόμενοι
1041 1139 1154 1226 άγύνα
1165 1144 1241 1210 όεό-

288 1234 372 1326 μεθ’
386 1234 485 1323 ὑμῶν
493 1239 682 1321 ἐπικουρεῖν
692 1234 788 1324 ἡμῖν,
806 1239 861 1307 καὶ
872 1243 973 1319 δεῖξαι
987 1247 1089 1308 πᾶσιν
1098 1241 1165 1328 ὅτι,
1177 1239 1241 1312 κάν

291 1351 368 1417 παῖς
383 1332 448 1405 κάν
464 1339 572 1422 γέρων
582 1331 647 1404 κάν
656 1335 762 1423 άλλην
771 1332 931 1422 ἡντινοῦν
940 1334 1071 1424 ἡλικίαν
1080 1344 1164 1426 ἔχων
1175 1340 1241 1430 ἥκῃ

291 1434 375 1519 πρὸς
394 1432 573 1520 ὑμάςκατά
583 1438 662 1516 τούς
673 1436 811 1523 νόμους,
824 1426 922 1515 οὗτος
938 1436 1083 1518 τεύξεται
1104 1439 1240 1510 πάντων

290 1541 359 1601 τείν
378 1539 524 1602 δικαίων.
559 1534 663 1602 καλὸν
678 1532 762 1619 γάρ,
786 1526 814 1600 ά
834 1533 954 1622 ἄνδρες
975 1539 1138 1621 δικασταὶ,
1158 1538 1240 1625 μήτε
1282 1533 1286 1543 Ι

290 1630 370 1710 τούς
386 1633 511 1717 νόμους
529 1629 610 1716 μήθ’
635 1630 722 1718 ὑμᾶς
738 1629 861 1710 αύτούς
878 1636 930 1700 ἐπὶ
941 1648 1009 1712 τοῖς
1019 1638 1154 1720 λέγουσι
1164 1660 1239 1704 ποι-

290 1744 357 1813 εῖν,
380 1729 455 1798 ἀλλ’
472 1728 790 1816 έκείνονςέφ’ὑμῖν,
813 1733 868 1798 καὶ
877 1732 974 1818 χωρὶς
984 1739 1110 1817 κρίνειν
1119 1734 1197 1814 τούς
1207 1725 1236 1802 τ’

289 1820 330 1895 εύ
345 1829 399 1896 καὶ
418 1836 531 1913 σοφάς
547 1831 603 1895 καί
619 1826 697 1908 τούς
715 1826 753 1897 τά
771 1832 880 1898 δίκαια
896 1833 1066 1915 λέγοντας·
1081 1836 1162 1916 ,περὶ
1172 1832 1237 1919 γάρ

243 1948 280 2004 62
287 1927 410 1996 τούτου
420 1924 481 2012 τὴν
494 1933 608 2012 ψῆφον
618 1924 808 2013 ὀμωμόκατ’
820 1937 932 1996 οίσειν.
955 1927 1071 2014 οὐγὰρ
1083 1927 1122 2016 δὴ
1135 1938 1238 1999 πείσει

286 2024 321 2112 γ’
344 2022 429 2112 ὑμᾶς
450 2023 559 2104 οὐδεὶς
581 2022 625 2104 αἷς
641 2029 866 2108 ἐπιλείψουσιν
883 2031 918 2096 οί
931 2037 1073 2097 τοιοῦτοι
1090 2029 1236 2116 ῥήτορες,

287 2121 361 2193 οὐδ’
382 2121 425 2202 ὣς
443 2121 497 2191 διά
515 2130 613 2192 τοῦτο
631 2139 740 2210 χεῖρον
751 2123 773 2211 ἡ
785 2126 879 2205 πόλις
889 2127 1061 2213 οἰκήσεται.
1092 2126 1237 2196 τούναν-

287 2230 360 2291 τίον
369 2222 434 2308 γάρ
446 2225 546 2308 ἐστιν,
560 2220 604 2302 ὡς
615 2221 678 2308 ἐγώ
691 2231 760 2290 τῶν
769 2227 1003 2310 πρεσβυτέρων
1014 2223 1141 2293 άκούω·
1163 2227 1236 2295 τότε

288 2322 352 2407 γάρ
369 2342 476 2406 φασιν
493 2318 610 2406 άριστα
627 2326 747 2404 πράξαι
764 2320 825 2406 τὴν
842 2322 955 2406 πόλιν,
977 2322 1032 2391 ότε
1048 2327 1237 2409 μέτριοικαὶ

287 2420 461 2506 σώφρονες
471 2418 591 2502 άνόρες
601 2418 841 2486 ἐπολιτεύοντο.
863 2419 1004 2502 πότερον
1014 2418 1078 2505 γάρ
1089 2421 1237 2508 συμβού-

288 2527 367 2597 λους
384 2515 478 2603 εύροι
493 2543 542 2595 τις
553 2512 596 2584 άν
606 2516 747 2596 τούτους
757 2513 924 2602 άγαθούςς
948 2513 1021 2585 ἀλλ’
1033 2515 1132 2588 ούὸὲν
1143 2521 1180 2586 έν
1191 2526 1237 2609 τῷ

287 2617 382 2706 δήμῳ
400 2620 570 2702 λέγουσιν,
591 2612 675 2684 άλλά
691 2612 771 2694 τούς
787 2619 918 2685 ἐκεῖθεν
934 2614 1138 2702 γραφόμενοι
1155 2617 1237 2702 χρή-

240 2742 278 2799 63
287 2742 373 2802 ματα
384 2715 621 2802 λαμβάνουσιν.
645 2710 731 2783 όκαί
741 2714 934 2801 θαυμάσιόν
945 2718 1044 2798 ἐστιν,
1059 2712 1109 2782 ὅτι
1120 2720 1237 2796 ζῶντες

287 2819 324 2884 ἐκ
339 2823 399 2882 τού
416 2829 639 2900 συκοφαντεῖν
657 2811 699 2881 ού
714 2833 797 2899 φασι
813 2811 995 2900 λαμβάνειν
1013 2809 1077 2881 άπὸ
1096 2820 1153 2900 τῆς
1173 2813 1236 2881 πό-

287 2923 383 2990 λεως·
406 2917 461 2983 καὶ
477 2917 556 3000 πρὶν
574 2923 773 2998 προσελθεῖν
789 2909 872 2996 πρὸς
889 2910 974 2998 ὑμᾶς
985 2909 1085 2980 οὐδὲν
1097 2917 1233 2997 ἔχοντες,

286 3019 355 3081 νῦν
366 3008 585 3096 εὐποροῦντες
595 3012 673 3081 οὐδὲ
682 3013 778 3099 χάριν
791 3010 870 3098 ὑμῖν
881 3017 1029 3098 ἔχουσιν,
1048 3009 1129 3081 άλλά
1142 3034 1235 3098 περι-

287 3111 396 3189 ιόντες
411 3113 565 3194 λέγουσιν
582 3108 625 3191 ὡς
642 3110 795 3198 ἀβέβαιός
812 3114 901 3179 ἐστιν
919 3108 937 3178 ὁ
956 3114 1073 3196 δῆμος,
1097 3106 1312 3188 &dvo-1342

286 3208 382 3297 χερὴς
399 3205 444 3286 οἱς
461 3205 649 3296 άγάριστος,
674 3210 785 3296 ὥσπερ
803 3208 889 3296 ὑμᾶς
907 3207 961 3275 διά
978 3208 1117 3286 τούτους
1133 3205 1235 3276 εύπο-

284 3317 444 3394 ρούντας,
458 3305 499 3374 ού
509 3308 649 3390 τούτους
660 3308 712 3377 διὰ
723 3307 783 3377 τὸν
795 3312 911 3395 δῆμον.
933 3302 1016 3372 άλλά
1028 3303 1092 3390 γάρ
1103 3305 1235 3385 εἰκότως

285 3406 387 3477 ταῦθ’
407 3401 500 3475 οὗτοι
518 3409 686 3493 λέγουσιν,
711 3406 853 3496 ὁρῶντες
868 3403 930 3492 τὴν
948 3401 1109 3490 ὑμετέραν
1125 3408 1235 3494 ῥαθυ-

285 3513 374 3594 μίαν.
409 3503 530 3573 ούόένα
548 3505 612 3591 γάρ
630 3506 726 3587 άξίως
737 3504 850 3574 αὐτῶν
863 3511 920 3591 τῆς
930 3511 1089 3590 πονηρίας
1099 3505 1235 3592 τετιμώ-

286 3616 408 3692 ριγσθε,
431 3602 505 3673 άλλ’
518 3602 703 3692 ύπομένετε
714 3603 881 3691 λεγόντοιν
891 3595 1003 3670 αὐτόν
1015 3598 1089 3689 (ὅςὴ
1102 3611 1162 3670 τοῦ
1174 3601 1236 3688 δή·

286 3731 354 3792 μου
373 3711 516 3792 σωτηρία
534 3703 587 3772 διά
603 3703 970 3792 τολνγραφομένωνκαὶ
981 3699 1236 3785 συκοφαντούν-

327 3802 462 3881 Ιῖευιοειῖι,
485 3800 545 3852 Vol.
556 3800 603 3856 111.
1053 3799 1086 3853 18
