3159 4409
546 485 687 547 ΠΡΟΣ
709 484 1000 593 ΤΙΜΟΘΕΟΝτ
1181 485 1244 553 139

292 654 354 716 τοῦ
365 646 528 734 ἀργυρίου
538 647 660 714 τούτου
672 642 837 729 ε’γράψατο
849 636 1104 732 μένόφείλοντα
1115 646 1175 717 τόν
1184 674 1242 718 κε-

290 746 457 814 λεύσαντα
472 751 590 832 χρήσαι
609 744 793 829 Τιμόθεον,
815 741 997 831 ὑπόμνημα
1014 739 1048 811 δ’
1066 744 1241 832 ἐγράψατο,

291 835 366 933 ᾧτε
377 836 475 922 οὗτος
486 845 636 912 ἐκέλευσε
647 840 982 932 δούναι,,Ἀντιμάχῳ,
993 846 1048 912 καὶ
1059 839 1100 913 ὃν
1111 842 1129 913 ὁ
1141 844 1243 913 Ἀντί-
1345 879 1347 885 ·
1368 858 1373 865 ’

291 944 672 1029 μαχοςσυνέπεμψενέτιὶ
681 939 743 1029 τήν
751 941 918 1028 τράπεζαν
928 942 1121 1030 ληψόμενον
1132 941 1169 1009 τό
1182 940 1244 1026 ἀρ-

291 1042 428 1129 γύριον,
449 1039 511 1111 τόν
528 1039 745 1127 Αὐτόνομον,
766 1037 826 1121 τάς
841 1050 945 1127 χιλίας
960 1048 1149 1127 τριακοσίας
1161 1045 1244 1126 δρα-

290 1142 375 1227 χμάς
389 1143 445 1209 καὶ
459 1142 666 1228 πεντήκοντα
682 1142 737 1208 καὶ
752 1147 832 1226 μίαν
849 1142 905 1208 καὶ
919 1140 970 1208 δύ’
982 1139 1098 1228 όβολύ.
1132 1137 1170 1208 τὸ
1182 1141 1244 1226 μὲν
1253 1165 1319 1219 1137

290 1247 409 1308 τοίνυν
421 1248 556 1327 πρῶτον
565 1243 684 1326 χρέως,
702 1235 721 1306 δ
734 1241 881 1307 ἐκπλέων
892 1243 988 1326 ἔλαβε
999 1244 1193 1327 στρατηγῶν
1202 1235 1240 1306 τό
1312 1243 1315 1249 ’

244 1385 247 1389 -
290 1337 444 1426 ὕστερον,
456 1348 617 1407 τὀσούτον
629 1336 780 1423 ὤφειλεν.

262 1460 281 1515 ρ
313 1465 315 1469 ’
372 1435 500 1524 Ἐπειδή
513 1436 545 1505 δ’
557 1435 839 1521 ἀπεχειροτονήθη
854 1436 915 1521 μὲν
927 1433 983 1521 ὑφ’
994 1436 1090 1521 ὑμῶν
1101 1456 1243 1522 στρατη-

289 1533 351 1620 γός
364 1533 418 1602 διά
430 1532 467 1602 τό
478 1532 523 1621 μή
541 1541 758 1619 περιπλεῦσαι
768 1533 1046 1620 Πελοπόννησον,
1067 1537 1120 1602 ε’πὶ
1136 1543 1242 1622 κρίσει

289 1629 1239 1720 δὲπαρεδέδοτοείςτόνδήμοναίτίαςτήςμεγίστηςτυχύν,

288 1731 480 1818 ἐφειστήκει
493 1730 525 1798 δ’
545 1723 635 1818 αύτῷ
646 1736 890 1813 Καλλίστρατος
902 1735 957 1800 καὶ
972 1730 1171 1819 Ἰφικράτης,
1192 1739 1241 1822 τῷ

290 1856 329 1896 τε
341 1829 499 1914 πράττειν
515 1830 570 1897 καί
586 1833 690 1896 εἰπεῖν
708 1830 904 1916 δυνάμενοι,
928 1829 1018 1898 οὕτω
1037 1832 1073 1900 δὲ
1084 1832 1241 1899 διέθεσαν

291 1926 381 2015 ὑμᾶς
398 1937 660 2016 κατηγοροῦντες
675 1929 799 1997 τούτου
817 1926 915 1997 αύτοί
928 1955 964 1999 τε
979 1930 1035 1997 καί
1051 1933 1242 2014 οίσνναγο-

248 2050 284 2103 10
295 2029 453 2112 ρεύουτες
463 2024 590 2111 αὐτοῖς,
608 2024 680 2094 ὥστ’
691 2025 883 2114 Ἀντίμαχον
894 2028 956 2114 μὲν
965 2034 1085 2113 ταμίαν
1095 2026 1175 2096 ὄντα
1186 2030 1242 2095 καί

295 2126 696 2213 πιστόταταδιακείμενον
711 2128 824 2218 τούτῳ
836 2134 1007 2211 κρίναντες
1029 2130 1067 2195 ἐν
1083 2134 1130 2215 τῷ
1149 2127 1243 2213 δήμῳ

293 2223 503 2322 ἀπεκτείνατε
514 2226 568 2292 καὶ
579 2224 641 2309 τήν
652 2221 773 2292 ούσίαν
783 2224 889 2301 αύτοῦ
901 2224 1118 2309 ἐδημεύσατε,
1139 2221 1245 2291 αύτόν

294 2323 330 2392 δὲ
345 2329 466 2391 τοῦτον
486 2323 723 2405 ἐξαιτουμένων
739 2320 802 2406 μὲν
818 2329 886 2388 τῶν
901 2324 1093 2404 ἐπιτηδείων
1115 2322 1171 2386 καὶ
1194 2323 1245 2386 ol-

290 2412 394 2490 ’κείων
403 2419 510 2489 αύτού
520 2419 690 2504 ἀπόντων,
698 2425 745 2486 έτι
755 2418 790 2486 δὲ
800 2421 856 2486 καὶ
863 2417 1018 2484 Ἀλκέτου
1028 2420 1082 2483 καί
1090 2413 1244 2498 Ἰάσονος,

293 2520 477 2607 συμμάχονν
489 2517 598 2586 ὄντων
608 2515 706 2604 ύμῖν,
729 2517 823 2603 μόλις
839 2518 900 2601 μὲν
916 2518 1090 2600 ἐπείσθητε
1101 2511 1245 2599 ἀφεῖναι,

250 2646 283 2700 11
295 2625 544 2704 στρατηγοῦντα
561 2614 594 2685 δ’
605 2614 719 2684 αὐτόν
738 2615 919 2700 ἐπαύσατε,
929 2617 1011 2682 -έν
1028 2613 1194 2692 τοιαύταις
1211 2611 1244 2681 δ’

294 2713 344 2786 σόν
355 2721 523 2803 διαβολαῖς
533 2718 588 2784 καὶ
599 2713 721 2804 ἀπορίᾳ
732 2713 908 2801 χρημάτων
926 2722 1047 2804 πολλή·
1069 2712 1090 2801 ή
1109 2711 1244 2802 μὲνγὰρ

294 2815 393 2885 ούσία
412 2815 581 2903 ὑπόχρεως
596 2808 638 2902 ήν
655 2814 784 2900 ἀπασα,
807 2815 861 2882 καὶ
879 2812 953 2901 ὅροι
970 2812 1071 2901 αύτής
1091 2816 1245 2896 ἕστασαν,

293 2917 351 2984 καὶ
361 2913 457 2996 ἀλλοι
467 2915 643 2997 ἐκρότουν·
668 2910 760 3000 ὁμέν
768 2914 835 3000 γὰρ
846 2915 891 2995 ἐν,
900 2918 1001 3004 πεδίῳ
1016 2914 1119 3001 ἀγρὸς
1130 2911 1247 2980 ἀποτί-

294 3039 387 3102 μημα
402 3022 450 3105 τῷ
466 3017 556 3093 παιδὶ
572 3022 620 3105 τῷ
636 3012 830 3099 Εὐμηλίδου
841 3012 1065 3100 καθειστήκει,
1088 3012 1246 3098 ἑξήκοντα

295 3114 332 3182 δὲ
342 3113 552 3200 τριηράρχοις
568 3126 635 3191 τοῖς
653 3113 941 3182 συνεκπλεύσασιν
956 3113 1047 3202 αύτῷ
1059 3109 1139 3179 ἕπτά
1151 3117 1245 3195 μνῶν

293 3212 421 3301 ἑκάστῳ
432 3209 454 3297 ή
465 3208 549 3295 ἀλλη
561 3207 657 3278 ούσία
669 3208 838 3297 ὑπέκειτο,
850 3207 889 3290 ἀς
899 3204 997 3289 οὗτος
1007 3206 1130 3287 αύτούς
1142 3226 1245 3295 στρα-

250 3343 285 3396 1η
292 3317 404 3397 τηγῶν
415 3305 582 3395 ήνάγκασε
592 3321 659 3388 τοίς
670 3310 807 3389 ναύταις
817 3309 947 3395 τροφήν
959 3311 1146 3374 διαδοῦναι·
1158 3309 1247 3376 ἐπει-

296 3409 336 3496 δή
350 3406 381 3476 δ’
395 3407 707 3494 ἀποχειροτονηθεὶς
723 3411 761 3476 έν
771 3416 819 3498 τῷ
829 3407 917 3497 λόγῳ
930 3403 1119 3491 ἀπήνεγκεν
1125 3409 1165 3474 έκ
1176 3414 1245 3475 τῶν

296 3515 541 3593 στρατιωτικῶν
557 3507 733 3594 χρημάτων
750 3502 852 3584 αύτός
869 3503 1022 3585 δεδοικώς
1039 3512 1085 3586 είς
1094 3503 1152 3586 τάς
1161 3513 1245 3582 ναῦς

295 3605 354 3685 τάς
364 3604 445 3674 ἑπτά
457 3614 542 3694 μνᾶς
553 3607 673 3685 ταύτας
682 3606 774 3690 τότε,
793 3605 1002 3690 φοβούμενος
1018 3607 1063 3691 μή
1075 3627 1245 3688 καταμαρ-

295 3706 486 3795 τυρήσωσιν
503 3704 609 3805 αύτού
625 3709 660 3774 οί
673 3702 864 3792 τριήραρχοι
884 3705 939 3773 καί
949 3705 1150 3789 ἐξελέγχηται
1161 3712 1246 3782 ψευ-
