<?xml version="1.0" encoding="UTF-8"?>
<!DOCTYPE html PUBLIC "-//W3C//DTD XHTML 1.0 Transitional//EN"
    "http://www.w3.org/TR/xhtml1/DTD/xhtml1-transitional.dtd">
<html xmlns="http://www.w3.org/1999/xhtml" xml:lang="en" lang="en">
 <head>
  <title>
</title>
<meta http-equiv="Content-Type" content="text/html;charset=utf-8" />
  <meta name='ocr-system' content='tesseract 3.04.00' />
  <meta name='ocr-capabilities' content='ocr_page ocr_carea ocr_par ocr_line ocrx_word'/>
</head>
<body>
  <div class='ocr_page' id='page_1' title='image "./orationesexrece02demogoog_0066.png"; bbox 0 0 3159 4409; ppageno 0'>
   <div class='ocr_carea' id='block_1_1' title="bbox 324 480 1162 552">
    <p class='ocr_par' dir='ltr' id='par_1_1' title="bbox 324 480 1162 552">
     <span class='ocr_line' id='line_1_1' title="bbox 324 480 1162 552; baseline -0.004 -6"><span class='ocrx_word' id='word_1_1' title='bbox 324 483 429 546; x_wconf 68' lang='lat'><strong><em>60¹</em></strong></span> <span class='ocrx_word' id='word_1_2' title='bbox 528 480 1074 544; x_wconf 70' lang='grc' dir='ltr'><strong><em>ΧλΝ.ΔΗΜοΣΘΕΝθῬΣ</em></strong></span> <span class='ocrx_word' id='word_1_3' title='bbox 1160 549 1162 552; x_wconf 60' lang='grc'><strong><em>,</em></strong></span> 
     </span>
    </p>
   </div>
   <div class='ocr_carea' id='block_1_2' title="bbox 279 628 1296 1224">
    <p class='ocr_par' dir='ltr' id='par_1_2' title="bbox 279 628 1296 1224">
     <span class='ocr_line' id='line_1_2' title="bbox 319 628 1278 735; baseline 0.002 -23"><span class='ocrx_word' id='word_1_4' title='bbox 319 642 489 735; x_wconf 83' lang='grc' dir='ltr'><strong><em>“σαμε’νου</em></strong></span> <span class='ocrx_word' id='word_1_5' title='bbox 509 650 571 710; x_wconf 81' lang='grc' dir='ltr'><strong><em>τοῦ</em></strong></span> <span class='ocrx_word' id='word_1_6' title='bbox 592 638 730 720; x_wconf 79' lang='grc' dir='ltr'><strong><em>δεῖνος·”</em></strong></span> <span class='ocrx_word' id='word_1_7' title='bbox 761 636 779 706; x_wconf 88' lang='grc' dir='ltr'><strong><em>ὁ</em></strong></span> <span class='ocrx_word' id='word_1_8' title='bbox 804 638 836 707; x_wconf 86' lang='grc' dir='ltr'><strong><em>δ’</em></strong></span> <span class='ocrx_word' id='word_1_9' title='bbox 857 639 920 709; x_wconf 86' lang='grc' dir='ltr'><strong><em>ούκ</em></strong></span> <span class='ocrx_word' id='word_1_10' title='bbox 934 628 1178 729; x_wconf 76' lang='grc' dir='ltr'><strong><em>εἰσεποιήσατο,</em></strong></span> <span class='ocrx_word' id='word_1_11' title='bbox 1201 641 1278 715; x_wconf 75' lang='grc' dir='ltr'><strong><em>ἀλλ’</em></strong></span> 
     </span>
     <span class='ocr_line' id='line_1_3' title="bbox 324 738 1279 837; baseline -0.002 -25"><span class='ocrx_word' id='word_1_12' title='bbox 324 744 461 820; x_wconf 82' lang='grc' dir='ltr'><strong><em>ἑαυτούς</em></strong></span> <span class='ocrx_word' id='word_1_13' title='bbox 479 745 703 837; x_wconf 77' lang='grc' dir='ltr'><strong><em>εἰσποιοῦντες</em></strong></span> <span class='ocrx_word' id='word_1_14' title='bbox 718 738 963 822; x_wconf 76' lang='grc' dir='ltr'><strong><em>ἀποστεροῦσιν</em></strong></span> <span class='ocrx_word' id='word_1_15' title='bbox 977 738 1064 827; x_wconf 79' lang='grc' dir='ltr'><strong><em>ήμάς</em></strong></span> <span class='ocrx_word' id='word_1_16' title='bbox 1079 749 1138 830; x_wconf 79' lang='grc' dir='ltr'><strong><em>τῆς</em></strong></span> <span class='ocrx_word' id='word_1_17' title='bbox 1153 752 1279 830; x_wconf 85' lang='grc' dir='ltr'><strong><em>κληρο-</em></strong></span> 
     </span>
     <span class='ocr_line' id='line_1_4' title="bbox 279 835 1279 927; baseline 0.003 -19"><span class='ocrx_word' id='word_1_18' title='bbox 279 856 313 908; x_wconf 78' lang='lat'><strong><em>52</em></strong></span> <span class='ocrx_word' id='word_1_19' title='bbox 323 847 447 927; x_wconf 86' lang='grc' dir='ltr'><strong><em>νομίας.</em></strong></span> <span class='ocrx_word' id='word_1_20' title='bbox 470 838 507 908; x_wconf 88' lang='grc' dir='ltr'><strong><em>τδ</em></strong></span> <span class='ocrx_word' id='word_1_21' title='bbox 521 835 601 926; x_wconf 83' lang='grc' dir='ltr'><strong><em>μετά</em></strong></span> <span class='ocrx_word' id='word_1_22' title='bbox 614 844 718 904; x_wconf 79' lang='grc' dir='ltr'><strong><em>ταῦτα</em></strong></span> <span class='ocrx_word' id='word_1_23' title='bbox 728 842 844 904; x_wconf 87' lang='grc' dir='ltr'><strong><em>τοίνυν</em></strong></span> <span class='ocrx_word' id='word_1_24' title='bbox 854 844 924 915; x_wconf 76' lang='grc' dir='ltr'><strong><em>πῶς</em></strong></span> <span class='ocrx_word' id='word_1_25' title='bbox 934 836 996 906; x_wconf 88' lang='grc' dir='ltr'><strong><em>ούκ</em></strong></span> <span class='ocrx_word' id='word_1_26' title='bbox 1006 837 1133 907; x_wconf 85' lang='grc' dir='ltr'><strong><em>άτοπον</em></strong></span> <span class='ocrx_word' id='word_1_27' title='bbox 1142 843 1199 910; x_wconf 78' lang='grc' dir='ltr'><strong><em>καί</em></strong></span> <span class='ocrx_word' id='word_1_28' title='bbox 1209 845 1279 911; x_wconf 86' lang='grc' dir='ltr'><strong><em>δει-</em></strong></span> 
     </span>
     <span class='ocr_line' id='line_1_5' title="bbox 325 934 1278 1027; baseline -0.002 -19"><span class='ocrx_word' id='word_1_29' title='bbox 325 941 385 1008; x_wconf 90' lang='grc' dir='ltr'><strong><em>νόν</em></strong></span> <span class='ocrx_word' id='word_1_30' title='bbox 396 934 501 1024; x_wconf 78' lang='grc' dir='ltr'><strong><em>ἐστιν,</em></strong></span> <span class='ocrx_word' id='word_1_31' title='bbox 519 936 588 1023; x_wconf 85' lang='grc' dir='ltr'><strong><em>άμα</em></strong></span> <span class='ocrx_word' id='word_1_32' title='bbox 597 937 970 1023; x_wconf 85' lang='grc' dir='ltr'><strong><em>παρακαταβεβληκέναι</em></strong></span> <span class='ocrx_word' id='word_1_33' title='bbox 980 943 1042 1004; x_wconf 86' lang='grc' dir='ltr'><strong><em>τοῦ</em></strong></span> <span class='ocrx_word' id='word_1_34' title='bbox 1052 938 1182 1024; x_wconf 91' lang='grc' dir='ltr'><strong><em>κλήρου</em></strong></span> <span class='ocrx_word' id='word_1_35' title='bbox 1193 937 1278 1027; x_wconf 79' lang='grc' dir='ltr'><strong><em>πρὸς</em></strong></span> 
     </span>
     <span class='ocr_line' id='line_1_6' title="bbox 322 1031 1277 1124; baseline 0 -18"><span class='ocrx_word' id='word_1_36' title='bbox 322 1047 370 1124; x_wconf 73' lang='grc' dir='ltr'><strong><em>τῷ</em></strong></span> <span class='ocrx_word' id='word_1_37' title='bbox 381 1037 515 1124; x_wconf 83' lang='grc' dir='ltr'><strong><em>άρχοντι</em></strong></span> <span class='ocrx_word' id='word_1_38' title='bbox 527 1033 572 1114; x_wconf 79' lang='grc' dir='ltr'><strong><em>ὡς</em></strong></span> <span class='ocrx_word' id='word_1_39' title='bbox 582 1035 663 1103; x_wconf 81' lang='grc' dir='ltr'><strong><em>ὄντα</em></strong></span> <span class='ocrx_word' id='word_1_40' title='bbox 674 1031 779 1103; x_wconf 83' lang='grc' dir='ltr'><strong><em>αὐτὸν</em></strong></span> <span class='ocrx_word' id='word_1_41' title='bbox 786 1032 959 1119; x_wconf 88' lang='grc' dir='ltr'><strong><em>Ἀρχιάδου</em></strong></span> <span class='ocrx_word' id='word_1_42' title='bbox 965 1035 1185 1120; x_wconf 75' lang='grc' dir='ltr'><strong><em>Λεώστρατον</em></strong></span> <span class='ocrx_word' id='word_1_43' title='bbox 1195 1063 1277 1106; x_wconf 88' lang='grc' dir='ltr'><strong><em>του-</em></strong></span> 
     </span>
     <span class='ocr_line' id='line_1_7' title="bbox 320 1130 1296 1224; baseline 0 -19"><span class='ocrx_word' id='word_1_44' title='bbox 320 1139 408 1221; x_wconf 82' lang='grc' dir='ltr'><strong><em>τονὶ,</em></strong></span> <span class='ocrx_word' id='word_1_45' title='bbox 419 1134 479 1205; x_wconf 84' lang='grc' dir='ltr'><strong><em>τὸν</em></strong></span> <span class='ocrx_word' id='word_1_46' title='bbox 489 1133 689 1203; x_wconf 83' lang='grc' dir='ltr'><strong><em>Ἐλευσίνιον</em></strong></span> <span class='ocrx_word' id='word_1_47' title='bbox 699 1141 761 1224; x_wconf 79' lang='grc' dir='ltr'><strong><em>τοῦ</em></strong></span> <span class='ocrx_word' id='word_1_48' title='bbox 768 1130 958 1218; x_wconf 82' lang='grc' dir='ltr'><strong><em>Ὀτρυνέως,</em></strong></span> <span class='ocrx_word' id='word_1_49' title='bbox 971 1138 1276 1223; x_wconf 80' lang='grc' dir='ltr'><strong><em>διαμεμαρτυρηκέ-</em></strong></span> <span class='ocrx_word' id='word_1_50' title='bbox 1294 1155 1296 1159; x_wconf 82' lang='grc'><strong>“</strong></span> 
     </span>
    </p>
   </div>
   <div class='ocr_carea' id='block_1_3' title="bbox 203 1229 1316 3788">
    <p class='ocr_par' dir='ltr' id='par_1_3' title="bbox 203 1229 1316 3788">
     <span class='ocr_line' id='line_1_8' title="bbox 321 1229 1275 1320; baseline 0 -16"><span class='ocrx_word' id='word_1_51' title='bbox 321 1263 377 1305; x_wconf 91' lang='grc' dir='ltr'><strong><em>ναι</em></strong></span> <span class='ocrx_word' id='word_1_52' title='bbox 393 1235 424 1302; x_wconf 90' lang='grc' dir='ltr'><strong><em>δ’</em></strong></span> <span class='ocrx_word' id='word_1_53' title='bbox 444 1236 575 1320; x_wconf 77' lang='grc' dir='ltr'><strong><em>ἕτερον,</em></strong></span> <span class='ocrx_word' id='word_1_54' title='bbox 598 1230 642 1312; x_wconf 71' lang='grc' dir='ltr'><strong><em>ὡς</em></strong></span> <span class='ocrx_word' id='word_1_55' title='bbox 660 1229 881 1316; x_wconf 81' lang='grc' dir='ltr'><strong><em>αύτολὸρᾱτε,</em></strong></span> <span class='ocrx_word' id='word_1_56' title='bbox 905 1230 1077 1318; x_wconf 85' lang='grc' dir='ltr'><strong><em>φάσκοντα</em></strong></span> <span class='ocrx_word' id='word_1_57' title='bbox 1088 1235 1143 1302; x_wconf 77' lang='grc' dir='ltr'><strong><em>καὶ</em></strong></span> <span class='ocrx_word' id='word_1_58' title='bbox 1152 1243 1275 1304; x_wconf 80' lang='grc' dir='ltr'><strong><em>τοῦτον</em></strong></span> 
     </span>
     <span class='ocr_line' id='line_1_9' title="bbox 315 1326 1275 1420; baseline -0.001 -19"><span class='ocrx_word' id='word_1_59' title='bbox 315 1332 490 1420; x_wconf 77' lang='grc' dir='ltr'><strong><em>Ἀρχιάδου</em></strong></span> <span class='ocrx_word' id='word_1_60' title='bbox 506 1326 583 1399; x_wconf 85' lang='grc' dir='ltr'><strong><em>υίὸν</em></strong></span> <span class='ocrx_word' id='word_1_61' title='bbox 600 1330 698 1411; x_wconf 75' lang='grc' dir='ltr'><strong><em>εἶναις</em></strong></span> <span class='ocrx_word' id='word_1_62' title='bbox 721 1333 777 1398; x_wconf 81' lang='grc' dir='ltr'><strong><em>καί</em></strong></span> <span class='ocrx_word' id='word_1_63' title='bbox 794 1333 922 1418; x_wconf 78' lang='grc' dir='ltr'><strong><em>ποτέρῳ</em></strong></span> <span class='ocrx_word' id='word_1_64' title='bbox 936 1335 987 1398; x_wconf 77' lang='grc' dir='ltr'><strong><em>δεῖ</em></strong></span> <span class='ocrx_word' id='word_1_65' title='bbox 994 1335 1167 1417; x_wconf 85' lang='grc' dir='ltr'><strong><em>προσέχειν</em></strong></span> <span class='ocrx_word' id='word_1_66' title='bbox 1177 1331 1275 1420; x_wconf 72' lang='grc' dir='ltr'><strong><em>ὑμῶν</em></strong></span> 
     </span>
     <span class='ocr_line' id='line_1_10' title="bbox 275 1426 1276 1519; baseline -0.001 -18"><span class='ocrx_word' id='word_1_67' title='bbox 275 1454 310 1507; x_wconf 81' lang='lat'><strong><em>53</em></strong></span> <span class='ocrx_word' id='word_1_68' title='bbox 321 1431 364 1512; x_wconf 78' lang='grc' dir='ltr'><strong><em>ὡς</em></strong></span> <span class='ocrx_word' id='word_1_69' title='bbox 375 1432 486 1519; x_wconf 83' lang='grc' dir='ltr'><strong><em>άληθή</em></strong></span> <span class='ocrx_word' id='word_1_70' title='bbox 497 1426 736 1516; x_wconf 76' lang='grc' dir='ltr'><strong><em>λέγοντιςμύτδ</em></strong></span> <span class='ocrx_word' id='word_1_71' title='bbox 748 1426 813 1514; x_wconf 84' lang='grc' dir='ltr'><strong><em>γάρ</em></strong></span> <span class='ocrx_word' id='word_1_72' title='bbox 824 1435 923 1495; x_wconf 74' lang='grc' dir='ltr'><strong><em>τοῦτο</em></strong></span> <span class='ocrx_word' id='word_1_73' title='bbox 934 1429 1111 1516; x_wconf 85' lang='grc' dir='ltr'><strong><em>τεκμήριον</em></strong></span> <span class='ocrx_word' id='word_1_74' title='bbox 1122 1428 1186 1499; x_wconf 82' lang='grc' dir='ltr'><strong><em>οὐκ</em></strong></span> <span class='ocrx_word' id='word_1_75' title='bbox 1196 1431 1276 1500; x_wconf 80' lang='grc' dir='ltr'><strong><em>ἐλά-</em></strong></span> 
     </span>
     <span class='ocr_line' id='line_1_11' title="bbox 318 1525 1273 1618; baseline 0 -20"><span class='ocrx_word' id='word_1_76' title='bbox 318 1533 430 1618; x_wconf 90' lang='grc' dir='ltr'><strong><em>χιστόν</em></strong></span> <span class='ocrx_word' id='word_1_77' title='bbox 446 1535 514 1600; x_wconf 87' lang='grc' dir='ltr'><strong><em>έστι</em></strong></span> <span class='ocrx_word' id='word_1_78' title='bbox 531 1537 592 1598; x_wconf 82' lang='grc' dir='ltr'><strong><em>τοῦ</em></strong></span> <span class='ocrx_word' id='word_1_79' title='bbox 612 1532 720 1614; x_wconf 82' lang='grc' dir='ltr'><strong><em>ψευδῆ</em></strong></span> <span class='ocrx_word' id='word_1_80' title='bbox 736 1525 799 1613; x_wconf 86' lang='grc' dir='ltr'><strong><em>τήν</em></strong></span> <span class='ocrx_word' id='word_1_81' title='bbox 809 1532 1050 1613; x_wconf 86' lang='grc' dir='ltr'><strong><em>διαμαρτυρίαν</em></strong></span> <span class='ocrx_word' id='word_1_82' title='bbox 1059 1536 1273 1617; x_wconf 79' lang='grc' dir='ltr'><strong><em>γεγενῆσθαι,</em></strong></span> 
     </span>
     <span class='ocr_line' id='line_1_12' title="bbox 313 1622 1275 1715; baseline 0 -20"><span class='ocrx_word' id='word_1_83' title='bbox 313 1629 354 1698; x_wconf 78' lang='grc' dir='ltr'><strong><em>τὰ</em></strong></span> <span class='ocrx_word' id='word_1_84' title='bbox 374 1633 448 1714; x_wconf 76' lang='grc' dir='ltr'><strong><em>περὶ</em></strong></span> <span class='ocrx_word' id='word_1_85' title='bbox 464 1638 526 1697; x_wconf 82' lang='grc' dir='ltr'><strong><em>τοῦ</em></strong></span> <span class='ocrx_word' id='word_1_86' title='bbox 544 1627 649 1696; x_wconf 82' lang='grc' dir='ltr'><strong><em>αὐτοῦ</em></strong></span> <span class='ocrx_word' id='word_1_87' title='bbox 660 1627 851 1713; x_wconf 86' lang='grc' dir='ltr'><strong><em>πράγματος</em></strong></span> <span class='ocrx_word' id='word_1_88' title='bbox 861 1623 905 1712; x_wconf 88' lang='grc' dir='ltr'><strong><em>μή</em></strong></span> <span class='ocrx_word' id='word_1_89' title='bbox 917 1622 977 1693; x_wconf 82' lang='grc' dir='ltr'><strong><em>τὸν</em></strong></span> <span class='ocrx_word' id='word_1_90' title='bbox 988 1623 1092 1694; x_wconf 82' lang='grc' dir='ltr'><strong><em>αὐτὸν</em></strong></span> <span class='ocrx_word' id='word_1_91' title='bbox 1102 1623 1275 1715; x_wconf 75' lang='grc' dir='ltr'><strong><em>ἀμφισβη-</em></strong></span> 
     </span>
     <span class='ocr_line' id='line_1_13' title="bbox 318 1723 1274 1812; baseline 0 -17"><span class='ocrx_word' id='word_1_92' title='bbox 318 1742 394 1796; x_wconf 78' lang='grc' dir='ltr'><strong><em>τεῖν.</em></strong></span> <span class='ocrx_word' id='word_1_93' title='bbox 429 1728 580 1808; x_wconf 88' lang='grc' dir='ltr'><strong><em>είκύτως·</em></strong></span> <span class='ocrx_word' id='word_1_94' title='bbox 612 1726 666 1793; x_wconf 84' lang='grc' dir='ltr'><strong><em>ὅτε</em></strong></span> <span class='ocrx_word' id='word_1_95' title='bbox 688 1726 772 1810; x_wconf 84' lang='grc' dir='ltr'><strong><em>γάρ,</em></strong></span> <span class='ocrx_word' id='word_1_96' title='bbox 794 1725 902 1812; x_wconf 81' lang='grc' dir='ltr'><strong><em>οἶμαι,</em></strong></span> <span class='ocrx_word' id='word_1_97' title='bbox 923 1725 1137 1812; x_wconf 75' lang='grc' dir='ltr'><strong><em>Λεώστρατος</em></strong></span> <span class='ocrx_word' id='word_1_98' title='bbox 1159 1723 1274 1795; x_wconf 76' lang='grc' dir='ltr'><strong><em>οὑτοσί</em></strong></span> 
     </span>
     <span class='ocr_line' id='line_1_14' title="bbox 318 1821 1274 1913; baseline -0.003 -18"><span class='ocrx_word' id='word_1_99' title='bbox 318 1830 586 1913; x_wconf 77' lang='grc' dir='ltr'><strong><em>παρακατέβαλλε</em></strong></span> <span class='ocrx_word' id='word_1_100' title='bbox 597 1831 658 1893; x_wconf 87' lang='grc' dir='ltr'><strong><em>τοῦ</em></strong></span> <span class='ocrx_word' id='word_1_101' title='bbox 669 1825 798 1911; x_wconf 88' lang='grc' dir='ltr'><strong><em>κλήρου</em></strong></span> <span class='ocrx_word' id='word_1_102' title='bbox 810 1822 895 1910; x_wconf 84' lang='grc' dir='ltr'><strong><em>πρὸς</em></strong></span> <span class='ocrx_word' id='word_1_103' title='bbox 905 1821 1008 1910; x_wconf 85' lang='grc' dir='ltr'><strong><em>ήμάς,</em></strong></span> <span class='ocrx_word' id='word_1_104' title='bbox 1021 1824 1115 1892; x_wconf 82' lang='grc' dir='ltr'><strong><em>ούπω</em></strong></span> <span class='ocrx_word' id='word_1_105' title='bbox 1127 1822 1145 1892; x_wconf 90' lang='grc' dir='ltr'><strong><em>ὁ</em></strong></span> <span class='ocrx_word' id='word_1_106' title='bbox 1157 1829 1274 1912; x_wconf 76' lang='grc' dir='ltr'><strong><em>διαμε-</em></strong></span> 
     </span>
     <span class='ocr_line' id='line_1_15' title="bbox 293 1923 1271 2012; baseline 0.001 -20"><span class='ocrx_word' id='word_1_107' title='bbox 293 1982 295 1985; x_wconf 94' lang='grc'>.</span> <span class='ocrx_word' id='word_1_108' title='bbox 318 1923 535 2012; x_wconf 80' lang='grc' dir='ltr'><strong><em>μαρτυρηκως</em></strong></span> <span class='ocrx_word' id='word_1_109' title='bbox 547 1933 612 1992; x_wconf 80' lang='grc' dir='ltr'><strong><em>νῦν</em></strong></span> <span class='ocrx_word' id='word_1_110' title='bbox 623 1927 840 2008; x_wconf 73' lang='grc' dir='ltr'><strong><em>ἐνεγέγραπτο</em></strong></span> <span class='ocrx_word' id='word_1_111' title='bbox 852 1923 895 2002; x_wconf 81' lang='grc' dir='ltr'><strong><em>ὡς</em></strong></span> <span class='ocrx_word' id='word_1_112' title='bbox 905 1925 1049 2011; x_wconf 87' lang='grc' dir='ltr'><strong><em>δημότης</em></strong></span> <span class='ocrx_word' id='word_1_113' title='bbox 1060 1923 1160 1996; x_wconf 81' lang='grc' dir='ltr'><strong><em>εἶναι..</em></strong></span> <span class='ocrx_word' id='word_1_114' title='bbox 1187 1923 1271 1993; x_wconf 79' lang='grc' dir='ltr'><strong><em>ὥστε</em></strong></span> 
     </span>
     <span class='ocr_line' id='line_1_16' title="bbox 318 2019 1272 2111; baseline 0 -19"><span class='ocrx_word' id='word_1_115' title='bbox 318 2025 455 2092; x_wconf 87' lang='grc' dir='ltr'><strong><em>πάντων</em></strong></span> <span class='ocrx_word' id='word_1_116' title='bbox 476 2019 519 2091; x_wconf 87' lang='grc' dir='ltr'><strong><em>άν</em></strong></span> <span class='ocrx_word' id='word_1_117' title='bbox 541 2023 712 2091; x_wconf 78' lang='grc' dir='ltr'><strong><em>δεινότατα</em></strong></span> <span class='ocrx_word' id='word_1_118' title='bbox 734 2023 917 2108; x_wconf 76' lang='grc' dir='ltr'><strong><em>πάθοιμεν,</em></strong></span> <span class='ocrx_word' id='word_1_119' title='bbox 940 2031 970 2091; x_wconf 87' lang='grc' dir='ltr'><strong><em>εί</em></strong></span> <span class='ocrx_word' id='word_1_120' title='bbox 985 2031 1027 2111; x_wconf 80' lang='grc' dir='ltr'><strong><em>τῇ</em></strong></span> <span class='ocrx_word' id='word_1_121' title='bbox 1043 2021 1186 2107; x_wconf 78' lang='grc' dir='ltr'><strong><em>ὕστερον</em></strong></span> <span class='ocrx_word' id='word_1_122' title='bbox 1202 2031 1272 2092; x_wconf 78' lang='grc' dir='ltr'><strong><em>τοῖν</em></strong></span> 
     </span>
     <span class='ocr_line' id='line_1_17' title="bbox 317 2121 1269 2210; baseline 0.003 -21"><span class='ocrx_word' id='word_1_123' title='bbox 317 2122 519 2208; x_wconf 79' lang='grc' dir='ltr'><strong><em>πραγμάτων</em></strong></span> <span class='ocrx_word' id='word_1_124' title='bbox 530 2125 731 2210; x_wconf 82' lang='grc' dir='ltr'><strong><em>γεγενημένη</em></strong></span> <span class='ocrx_word' id='word_1_125' title='bbox 740 2127 958 2210; x_wconf 83' lang='grc' dir='ltr'><strong><em>διαμαρτυρίᾳ</em></strong></span> <span class='ocrx_word' id='word_1_126' title='bbox 967 2123 1156 2192; x_wconf 88' lang='grc' dir='ltr'><strong><em>πιστεύσετε</em></strong></span> <span class='ocrx_word' id='word_1_127' title='bbox 1165 2121 1269 2209; x_wconf 73' lang='grc' dir='ltr'><strong><em>ὑμεῖς.</em></strong></span> 
     </span>
     <span class='ocr_line' id='line_1_18' title="bbox 273 2220 1272 2309; baseline 0.003 -22"><span class='ocrx_word' id='word_1_128' title='bbox 273 2233 307 2287; x_wconf 78' lang='grc'><strong><em>54</em></strong></span> <span class='ocrx_word' id='word_1_129' title='bbox 398 2220 494 2307; x_wconf 80' lang='grc' dir='ltr'><strong><em>Ἀλλά</em></strong></span> <span class='ocrx_word' id='word_1_130' title='bbox 511 2220 578 2309; x_wconf 87' lang='grc' dir='ltr'><strong><em>μήν</em></strong></span> <span class='ocrx_word' id='word_1_131' title='bbox 593 2224 649 2290; x_wconf 81' lang='grc' dir='ltr'><strong><em>καί</em></strong></span> <span class='ocrx_word' id='word_1_132' title='bbox 665 2220 873 2308; x_wconf 85' lang='grc' dir='ltr'><strong><em>πρεσβύτερά</em></strong></span> <span class='ocrx_word' id='word_1_133' title='bbox 883 2248 920 2306; x_wconf 88' lang='grc' dir='ltr'><strong><em>γε</em></strong></span> <span class='ocrx_word' id='word_1_134' title='bbox 930 2220 1037 2289; x_wconf 80' lang='grc' dir='ltr'><strong><em>αὑτοῦ</em></strong></span> <span class='ocrx_word' id='word_1_135' title='bbox 1047 2221 1272 2308; x_wconf 88' lang='grc' dir='ltr'><strong><em>διαμεμαρτύ-</em></strong></span> 
     </span>
     <span class='ocr_line' id='line_1_19' title="bbox 317 2315 1268 2410; baseline -0.002 -20"><span class='ocrx_word' id='word_1_136' title='bbox 317 2347 427 2408; x_wconf 89' lang='grc' dir='ltr'><strong><em>ρηκεν.</em></strong></span> <span class='ocrx_word' id='word_1_137' title='bbox 460 2320 478 2390; x_wconf 89' lang='grc' dir='ltr'>ὁ</span> <span class='ocrx_word' id='word_1_138' title='bbox 495 2319 560 2407; x_wconf 85' lang='grc' dir='ltr'><strong><em>γάρ</em></strong></span> <span class='ocrx_word' id='word_1_139' title='bbox 578 2320 675 2408; x_wconf 84' lang='grc' dir='ltr'><strong><em>μήπω</em></strong></span> <span class='ocrx_word' id='word_1_140' title='bbox 687 2324 723 2388; x_wconf 94' lang='grc' dir='ltr'><strong><em>έν</em></strong></span> <span class='ocrx_word' id='word_1_141' title='bbox 734 2327 779 2410; x_wconf 78' lang='grc' dir='ltr'><strong><em>τῷ</em></strong></span> <span class='ocrx_word' id='word_1_142' title='bbox 790 2329 870 2410; x_wconf 74' lang='grc' dir='ltr'><strong><em>οἴκῳ</em></strong></span> <span class='ocrx_word' id='word_1_143' title='bbox 881 2328 928 2410; x_wconf 71' lang='grc' dir='ltr'><strong><em>τῷ</em></strong></span> <span class='ocrx_word' id='word_1_144' title='bbox 935 2318 1109 2405; x_wconf 76' lang='grc' dir='ltr'><strong><em>Ἀρχιάδου</em></strong></span> <span class='ocrx_word' id='word_1_145' title='bbox 1121 2315 1186 2406; x_wconf 78' lang='grc' dir='ltr'><strong><em>άυ,</em></strong></span> <span class='ocrx_word' id='word_1_146' title='bbox 1209 2317 1268 2388; x_wconf 78' lang='grc' dir='ltr'><strong><em>ὅθ’</em></strong></span> 
     </span>
     <span class='ocr_line' id='line_1_20' title="bbox 315 2415 1271 2509; baseline -0.003 -20"><span class='ocrx_word' id='word_1_147' title='bbox 315 2417 436 2508; x_wconf 83' lang='grc' dir='ltr'><strong><em>ήλήξις</em></strong></span> <span class='ocrx_word' id='word_1_148' title='bbox 447 2418 531 2509; x_wconf 77' lang='grc' dir='ltr'><strong><em>αὕτη</em></strong></span> <span class='ocrx_word' id='word_1_149' title='bbox 543 2427 605 2488; x_wconf 80' lang='grc' dir='ltr'><strong><em>τοῦ</em></strong></span> <span class='ocrx_word' id='word_1_150' title='bbox 615 2420 742 2507; x_wconf 79' lang='grc' dir='ltr'><strong><em>κλήρου</em></strong></span> <span class='ocrx_word' id='word_1_151' title='bbox 752 2422 894 2504; x_wconf 71' lang='grc' dir='ltr'><strong><em>ἐγένετο,</em></strong></span> <span class='ocrx_word' id='word_1_152' title='bbox 905 2428 974 2498; x_wconf 81' lang='grc' dir='ltr'><strong><em>πως</em></strong></span> <span class='ocrx_word' id='word_1_153' title='bbox 985 2415 1028 2486; x_wconf 85' lang='grc' dir='ltr'><strong><em>άν</em></strong></span> <span class='ocrx_word' id='word_1_154' title='bbox 1041 2424 1140 2506; x_wconf 88' lang='grc' dir='ltr'><strong><em>είδείη</em></strong></span> <span class='ocrx_word' id='word_1_155' title='bbox 1149 2445 1181 2486; x_wconf 93' lang='grc' dir='ltr'><strong><em>τι</em></strong></span> <span class='ocrx_word' id='word_1_156' title='bbox 1189 2418 1271 2487; x_wconf 86' lang='grc' dir='ltr'><strong><em>τού-</em></strong></span> 
     </span>
     <span class='ocr_line' id='line_1_21' title="bbox 315 2514 1271 2605; baseline -0.001 -17"><span class='ocrx_word' id='word_1_157' title='bbox 315 2546 398 2599; x_wconf 75' lang='grc' dir='ltr'><strong><em>τωνς</em></strong></span> <span class='ocrx_word' id='word_1_158' title='bbox 421 2517 520 2587; x_wconf 79' lang='grc' dir='ltr'><strong><em>ἔπειτ’</em></strong></span> <span class='ocrx_word' id='word_1_159' title='bbox 542 2525 572 2588; x_wconf 86' lang='grc' dir='ltr'><strong><em>εί</em></strong></span> <span class='ocrx_word' id='word_1_160' title='bbox 587 2522 648 2605; x_wconf 83' lang='grc' dir='ltr'><strong><em>μὲν</em></strong></span> <span class='ocrx_word' id='word_1_161' title='bbox 667 2515 772 2585; x_wconf 81' lang='grc' dir='ltr'><strong><em>αὑτὸν</em></strong></span> <span class='ocrx_word' id='word_1_162' title='bbox 794 2519 1101 2605; x_wconf 80' lang='grc' dir='ltr'><strong><em>διεμεμαρτυρήκει,</em></strong></span> <span class='ocrx_word' id='word_1_163' title='bbox 1123 2517 1209 2604; x_wconf 78' lang='grc' dir='ltr'><strong><em>εἶχεν</em></strong></span> <span class='ocrx_word' id='word_1_164' title='bbox 1225 2514 1271 2587; x_wconf 83' lang='grc' dir='ltr'><strong><em>άν</em></strong></span> 
     </span>
     <span class='ocr_line' id='line_1_22' title="bbox 315 2612 1270 2703; baseline 0.003 -20"><span class='ocrx_word' id='word_1_165' title='bbox 315 2619 417 2703; x_wconf 87' lang='grc' dir='ltr'><strong><em>λύγον</em></strong></span> <span class='ocrx_word' id='word_1_166' title='bbox 434 2615 525 2703; x_wconf 79' lang='grc' dir='ltr'><strong><em>αὐτῷ</em></strong></span> <span class='ocrx_word' id='word_1_167' title='bbox 545 2618 582 2684; x_wconf 86' lang='grc' dir='ltr'><strong><em>τὸ</em></strong></span> <span class='ocrx_word' id='word_1_168' title='bbox 596 2626 745 2702; x_wconf 78' lang='grc' dir='ltr'><strong><em>πρᾶγμα·</em></strong></span> <span class='ocrx_word' id='word_1_169' title='bbox 768 2615 888 2695; x_wconf 88' lang='grc' dir='ltr'><strong><em>άδίκως</em></strong></span> <span class='ocrx_word' id='word_1_170' title='bbox 900 2617 961 2702; x_wconf 77' lang='grc' dir='ltr'><strong><em>μέν</em></strong></span> <span class='ocrx_word' id='word_1_171' title='bbox 971 2612 1185 2703; x_wconf 81' lang='grc' dir='ltr'><strong><em>άνὲγραψεν,</em></strong></span> <span class='ocrx_word' id='word_1_172' title='bbox 1207 2617 1270 2686; x_wconf 84' lang='grc' dir='ltr'><strong><em>οὐ·</em></strong></span> 
     </span>
     <span class='ocr_line' id='line_1_23' title="bbox 315 2709 1269 2802; baseline 0.002 -19"><span class='ocrx_word' id='word_1_173' title='bbox 315 2717 372 2785; x_wconf 77' lang='grc' dir='ltr'><strong><em>δὲν</em></strong></span> <span class='ocrx_word' id='word_1_174' title='bbox 384 2715 416 2784; x_wconf 89' lang='grc' dir='ltr'><strong><em>δ’</em></strong></span> <span class='ocrx_word' id='word_1_175' title='bbox 428 2709 529 2802; x_wconf 87' lang='grc' dir='ltr'><strong><em>ήττον</em></strong></span> <span class='ocrx_word' id='word_1_176' title='bbox 540 2712 624 2801; x_wconf 76' lang='grc' dir='ltr'><strong><em>ὑπὲρ</em></strong></span> <span class='ocrx_word' id='word_1_177' title='bbox 636 2723 697 2782; x_wconf 81' lang='grc' dir='ltr'><strong><em>τοῦ</em></strong></span> <span class='ocrx_word' id='word_1_178' title='bbox 709 2712 793 2782; x_wconf 87' lang='grc' dir='ltr'><strong><em>κατά</em></strong></span> <span class='ocrx_word' id='word_1_179' title='bbox 804 2712 867 2800; x_wconf 88' lang='grc' dir='ltr'><strong><em>τήν</em></strong></span> <span class='ocrx_word' id='word_1_180' title='bbox 876 2714 1007 2800; x_wconf 85' lang='grc' dir='ltr'><strong><em>ήλικίαν</em></strong></span> <span class='ocrx_word' id='word_1_181' title='bbox 1018 2719 1179 2800; x_wconf 82' lang='grc' dir='ltr'><strong><em>λέγοντος.</em></strong></span> <span class='ocrx_word' id='word_1_182' title='bbox 1201 2725 1269 2785; x_wconf 82' lang='grc' dir='ltr'><strong><em>νῦν</em></strong></span> 
     </span>
     <span class='ocr_line' id='line_1_24' title="bbox 301 2806 1266 2902; baseline 0.002 -21"><span class='ocrx_word' id='word_1_183' title='bbox 301 2806 350 2883; x_wconf 77' lang='grc' dir='ltr'><strong><em>Ιδὲ</em></strong></span> <span class='ocrx_word' id='word_1_184' title='bbox 368 2820 525 2899; x_wconf 80' lang='grc' dir='ltr'><strong><em>γνησίους</em></strong></span> <span class='ocrx_word' id='word_1_185' title='bbox 542 2810 638 2890; x_wconf 81' lang='grc' dir='ltr'><strong><em>υίούς</em></strong></span> <span class='ocrx_word' id='word_1_186' title='bbox 653 2816 800 2898; x_wconf 84' lang='grc' dir='ltr'><strong><em>γέγραφε</em></strong></span> <span class='ocrx_word' id='word_1_187' title='bbox 816 2820 861 2902; x_wconf 77' lang='grc' dir='ltr'><strong><em>τῷ</em></strong></span> <span class='ocrx_word' id='word_1_188' title='bbox 871 2811 1022 2900; x_wconf 78' lang='grc' dir='ltr'><strong><em>Ἀρχιάδῃ</em></strong></span> <span class='ocrx_word' id='word_1_189' title='bbox 1039 2817 1153 2902; x_wconf 79' lang='grc' dir='ltr'><strong><em>ἐκείνω</em></strong></span> <span class='ocrx_word' id='word_1_190' title='bbox 1170 2814 1266 2902; x_wconf 77' lang='grc' dir='ltr'><strong><em>εἶναι,</em></strong></span> 
     </span>
     <span class='ocr_line' id='line_1_25' title="bbox 312 2909 1267 3000; baseline 0.002 -20"><span class='ocrx_word' id='word_1_191' title='bbox 312 2913 374 2980; x_wconf 88' lang='grc' dir='ltr'><strong><em>τόν</em></strong></span> <span class='ocrx_word' id='word_1_192' title='bbox 391 2937 427 2979; x_wconf 86' lang='grc' dir='ltr'><strong><em>τε</em></strong></span> <span class='ocrx_word' id='word_1_193' title='bbox 444 2909 548 2978; x_wconf 86' lang='grc' dir='ltr'><strong><em>αὑτοῦ</em></strong></span> <span class='ocrx_word' id='word_1_194' title='bbox 566 2915 689 2997; x_wconf 85' lang='grc' dir='ltr'><strong><em>πατέρα</em></strong></span> <span class='ocrx_word' id='word_1_195' title='bbox 707 2912 861 2998; x_wconf 86' lang='grc' dir='ltr'><strong><em>δηλονότι</em></strong></span> <span class='ocrx_word' id='word_1_196' title='bbox 876 2917 932 2980; x_wconf 81' lang='grc' dir='ltr'><strong><em>καί</em></strong></span> <span class='ocrx_word' id='word_1_197' title='bbox 950 2911 1054 2980; x_wconf 81' lang='grc' dir='ltr'><strong><em>αὐτὸν</em></strong></span> <span class='ocrx_word' id='word_1_198' title='bbox 1065 2912 1146 2981; x_wconf 84' lang='grc' dir='ltr'><strong><em>κατά</em></strong></span> <span class='ocrx_word' id='word_1_199' title='bbox 1158 2913 1222 3000; x_wconf 88' lang='grc' dir='ltr'><strong><em>τήν</em></strong></span> <span class='ocrx_word' id='word_1_200' title='bbox 1231 2917 1267 2995; x_wconf 78' lang='grc' dir='ltr'><strong><em>ἐξ</em></strong></span> 
     </span>
     <span class='ocr_line' id='line_1_26' title="bbox 313 3007 1267 3099; baseline 0.004 -21"><span class='ocrx_word' id='word_1_201' title='bbox 313 3009 415 3098; x_wconf 84' lang='grc' dir='ltr'><strong><em>άρχής</em></strong></span> <span class='ocrx_word' id='word_1_202' title='bbox 425 3017 575 3096; x_wconf 82' lang='grc' dir='ltr'><strong><em>ποίησιν,</em></strong></span> <span class='ocrx_word' id='word_1_203' title='bbox 597 3007 659 3077; x_wconf 82' lang='grc' dir='ltr'><strong><em>οὐκ</em></strong></span> <span class='ocrx_word' id='word_1_204' title='bbox 670 3011 940 3098; x_wconf 77' lang='grc' dir='ltr'><strong><em>ἐπιλογισάμενος</em></strong></span> <span class='ocrx_word' id='word_1_205' title='bbox 950 3010 1001 3078; x_wconf 82' lang='grc' dir='ltr'><strong><em>ὅτι</em></strong></span> <span class='ocrx_word' id='word_1_206' title='bbox 1013 3012 1267 3099; x_wconf 76' lang='grc' dir='ltr'><strong><em>ἐπανεληλυθό-</em></strong></span> 
     </span>
     <span class='ocr_line' id='line_1_27' title="bbox 313 3103 1266 3196; baseline 0.007 -22"><span class='ocrx_word' id='word_1_207' title='bbox 313 3135 365 3187; x_wconf 92' lang='grc' dir='ltr'><strong><em>τες</em></strong></span> <span class='ocrx_word' id='word_1_208' title='bbox 379 3103 475 3195; x_wconf 88' lang='grc' dir='ltr'><strong><em>ήσαν.</em></strong></span> <span class='ocrx_word' id='word_1_209' title='bbox 508 3104 635 3175; x_wconf 82' lang='grc' dir='ltr'><strong><em>ούκούν</em></strong></span> <span class='ocrx_word' id='word_1_210' title='bbox 647 3106 776 3196; x_wconf 82' lang='grc' dir='ltr'><strong><em>ἀνάγκη</em></strong></span> <span class='ocrx_word' id='word_1_211' title='bbox 788 3117 1009 3196; x_wconf 83' lang='grc' dir='ltr'><strong><em>πρεσβυτέρας</em></strong></span> <span class='ocrx_word' id='word_1_212' title='bbox 1019 3111 1151 3194; x_wconf 85' lang='grc' dir='ltr'><strong><em>πράξεις</em></strong></span> <span class='ocrx_word' id='word_1_213' title='bbox 1160 3110 1266 3182; x_wconf 84' lang='grc' dir='ltr'><strong><em>αύτόν</em></strong></span> 
     </span>
     <span class='ocr_line' id='line_1_28' title="bbox 203 3202 1265 3296; baseline 0.009 -27"><span class='ocrx_word' id='word_1_214' title='bbox 203 3284 206 3291; x_wconf 16' lang='grc' dir='ltr'><strong>Α</strong></span> <span class='ocrx_word' id='word_1_215' title='bbox 313 3208 369 3272; x_wconf 79' lang='grc' dir='ltr'><strong><em>καί</em></strong></span> <span class='ocrx_word' id='word_1_216' title='bbox 386 3206 434 3293; x_wconf 84' lang='grc' dir='ltr'><strong><em>μή.</em></strong></span> <span class='ocrx_word' id='word_1_217' title='bbox 449 3206 507 3286; x_wconf 82' lang='grc' dir='ltr'><strong><em>τάς</em></strong></span> <span class='ocrx_word' id='word_1_218' title='bbox 524 3202 578 3291; x_wconf 81' lang='grc' dir='ltr'><strong><em>ἐφ’</em></strong></span> <span class='ocrx_word' id='word_1_219' title='bbox 598 3207 718 3273; x_wconf 80' lang='grc' dir='ltr'><strong><em>ἑαυτοῦ</em></strong></span> <span class='ocrx_word' id='word_1_220' title='bbox 732 3211 950 3294; x_wconf 82' lang='grc' dir='ltr'><strong><em>γεγενημένας</em></strong></span> <span class='ocrx_word' id='word_1_221' title='bbox 961 3213 1265 3296; x_wconf 84' lang='grc' dir='ltr'><strong><em>διαμεμαρτυρηκέ-</em></strong></span> 
     </span>
     <span class='ocr_line' id='line_1_29' title="bbox 313 3302 1316 3394; baseline 0.01 -26"><span class='ocrx_word' id='word_1_222' title='bbox 313 3329 376 3369; x_wconf 92' lang='grc' dir='ltr'><strong><em>ναι.</em></strong></span> <span class='ocrx_word' id='word_1_223' title='bbox 410 3304 477 3372; x_wconf 61' lang='lat' dir='ltr'><strong><em>ew</em></strong></span> <span class='ocrx_word' id='word_1_224' title='bbox 494 3302 587 3392; x_wconf 76' lang='grc' dir='ltr'><strong><em>ὑμεῖς</em></strong></span> <span class='ocrx_word' id='word_1_225' title='bbox 602 3312 647 3394; x_wconf 81' lang='grc' dir='ltr'><strong><em>τςό</em></strong></span> <span class='ocrx_word' id='word_1_226' title='bbox 665 3314 764 3374; x_wconf 83' lang='grc' dir='ltr'><strong><em>τοῦτο</em></strong></span> <span class='ocrx_word' id='word_1_227' title='bbox 781 3308 992 3392; x_wconf 89' lang='grc' dir='ltr'><strong><em>τετολμηκότι</em></strong></span> <span class='ocrx_word' id='word_1_228' title='bbox 1008 3308 1198 3376; x_wconf 80' lang='grc' dir='ltr'><strong><em>πιστεύσετε</em></strong></span> <span class='ocrx_word' id='word_1_229' title='bbox 1219 3305 1265 3388; x_wconf 80' lang='grc' dir='ltr'><strong><em>ὦς</em></strong></span> <span class='ocrx_word' id='word_1_230' title='bbox 1274 3321 1316 3378; x_wconf 76' lang='lat' dir='ltr'><strong><em>1oe</em></strong></span> 
     </span>
     <span class='ocr_line' id='line_1_30' title="bbox 268 3396 1265 3492; baseline 0.007 -24"><span class='ocrx_word' id='word_1_231' title='bbox 268 3396 423 3486; x_wconf 74' lang='grc' dir='ltr'><strong><em>ὁδάληδή</em></strong></span> <span class='ocrx_word' id='word_1_232' title='bbox 438 3408 584 3488; x_wconf 76' lang='grc' dir='ltr'><strong><em>λέγοντος</em></strong></span> <span class='ocrx_word' id='word_1_233' title='bbox 606 3401 734 3492; x_wconf 80' lang='grc' dir='ltr'><strong><em>νήΔί,</em></strong></span> <span class='ocrx_word' id='word_1_234' title='bbox 756 3403 829 3473; x_wconf 79' lang='grc' dir='ltr'><strong><em>ἀλλ’</em></strong></span> <span class='ocrx_word' id='word_1_235' title='bbox 850 3404 1069 3492; x_wconf 79' lang='grc' dir='ltr'><strong><em>άκηκοωςτοῦ</em></strong></span> <span class='ocrx_word' id='word_1_236' title='bbox 1082 3405 1186 3476; x_wconf 83' lang='grc' dir='ltr'><strong><em>αὑτοῦ</em></strong></span> <span class='ocrx_word' id='word_1_237' title='bbox 1197 3434 1265 3478; x_wconf 84' lang='grc' dir='ltr'><strong><em>πα-</em></strong></span> 
     </span>
     <span class='ocr_line' id='line_1_31' title="bbox 311 3497 1264 3591; baseline 0.007 -24"><span class='ocrx_word' id='word_1_238' title='bbox 311 3497 387 3585; x_wconf 85' lang='grc' dir='ltr'><strong><em>τρὸς</em></strong></span> <span class='ocrx_word' id='word_1_239' title='bbox 404 3503 719 3589; x_wconf 82' lang='grc' dir='ltr'><strong><em>διαμεμαρτύρηκεν.</em></strong></span> <span class='ocrx_word' id='word_1_240' title='bbox 749 3501 766 3571; x_wconf 91' lang='grc' dir='ltr'>ὁ</span> <span class='ocrx_word' id='word_1_241' title='bbox 786 3507 825 3572; x_wconf 81' lang='grc' dir='ltr'><strong><em>δέ</em></strong></span> <span class='ocrx_word' id='word_1_242' title='bbox 839 3530 877 3589; x_wconf 91' lang='grc' dir='ltr'><strong><em>γε</em></strong></span> <span class='ocrx_word' id='word_1_243' title='bbox 888 3502 1106 3591; x_wconf 78' lang='grc' dir='ltr'><strong><em>νόμοςάκοήν</em></strong></span> <span class='ocrx_word' id='word_1_244' title='bbox 1117 3512 1196 3590; x_wconf 77' lang='grc' dir='ltr'><strong><em>[τῶν</em></strong></span> <span class='ocrx_word' id='word_1_245' title='bbox 1207 3531 1264 3574; x_wconf 87' lang='grc' dir='ltr'><strong><em>τε·</em></strong></span> 
     </span>
     <span class='ocr_line' id='line_1_32' title="bbox 310 3597 1264 3687; baseline 0.006 -22"><span class='ocrx_word' id='word_1_246' title='bbox 310 3597 562 3684; x_wconf 89' lang='grc' dir='ltr'><strong><em>τελευτηκότων]</em></strong></span> <span class='ocrx_word' id='word_1_247' title='bbox 586 3601 707 3670; x_wconf 81' lang='grc' dir='ltr'><strong><em>κωλύει</em></strong></span> <span class='ocrx_word' id='word_1_248' title='bbox 728 3606 962 3687; x_wconf 79' lang='grc' dir='ltr'><strong><em>διαμαρτυρεῖν</em></strong></span> <span class='ocrx_word' id='word_1_249' title='bbox 982 3608 1103 3682; x_wconf 79' lang='grc' dir='ltr'><strong><em>ζῶντος</em></strong></span> <span class='ocrx_word' id='word_1_250' title='bbox 1118 3610 1179 3671; x_wconf 86' lang='grc' dir='ltr'><strong><em>τοῦ</em></strong></span> <span class='ocrx_word' id='word_1_251' title='bbox 1196 3629 1264 3670; x_wconf 89' lang='grc' dir='ltr'><strong><em>πα-</em></strong></span> 
     </span>
     <span class='ocr_line' id='line_1_33' title="bbox 309 3693 1266 3788; baseline 0.006 -25"><span class='ocrx_word' id='word_1_252' title='bbox 309 3694 386 3782; x_wconf 83' lang='grc' dir='ltr'><strong><em>τρὸς</em></strong></span> <span class='ocrx_word' id='word_1_253' title='bbox 402 3693 442 3764; x_wconf 82' lang='grc' dir='ltr'><strong><em>τά</em></strong></span> <span class='ocrx_word' id='word_1_254' title='bbox 460 3693 520 3763; x_wconf 82' lang='grc' dir='ltr'><strong><em>ὑπ’</em></strong></span> <span class='ocrx_word' id='word_1_255' title='bbox 538 3700 667 3768; x_wconf 84' lang='grc' dir='ltr'><strong><em>ἐκείνου</em></strong></span> <span class='ocrx_word' id='word_1_256' title='bbox 677 3702 884 3788; x_wconf 80' lang='grc' dir='ltr'><strong><em>πραχθέντα·</em></strong></span> <span class='ocrx_word' id='word_1_257' title='bbox 909 3702 976 3768; x_wconf 84' lang='grc' dir='ltr'><strong><em>ἐπεὶ</em></strong></span> <span class='ocrx_word' id='word_1_258' title='bbox 989 3699 1130 3769; x_wconf 83' lang='grc' dir='ltr'><strong><em>κάκεῖνο.</em></strong></span> <span class='ocrx_word' id='word_1_259' title='bbox 1164 3698 1220 3769; x_wconf 85' lang='grc' dir='ltr'><strong><em>διά</em></strong></span> <span class='ocrx_word' id='word_1_260' title='bbox 1230 3707 1266 3769; x_wconf 88' lang='grc' dir='ltr'><strong><em>τί</em></strong></span> 
     </span>
    </p>
   </div>
   <div class='ocr_carea' id='block_1_4' title="bbox 0 0 1584 4409">
    <p class='ocr_par' dir='ltr' id='par_1_4' title="bbox 0 0 1584 4409">
     <span class='ocr_line' id='line_1_34' title="bbox 0 0 1584 4409; baseline 0 5"><span class='ocrx_word' id='word_1_261' title='bbox 0 0 1584 4409; x_wconf 95' lang='lat' dir='ltr'><strong><em> </em></strong></span> 
     </span>
    </p>
   </div>
  </div>
 </body>
</html>
