3159 4409
314 489 376 552 τοι
539 492 610 554 ιιι.Ι
643 446 1087 566 Δαιτυεοάαουε,

315 653 433 735 ἐποίει,
454 649 533 730 τούς
550 649 693 737 χρόνους
707 647 786 730 τούς
803 650 971 738 πρώτους,
994 656 1032 721 ἐν
1048 649 1098 734 οἷς
1112 650 1267 742 οὐδαμοῦ

314 757 413 816 τοῦτο
428 752 609 837 βουληθεὶς
624 751 660 818 τό
679 754 809 817 δίκαιον
819 747 909 839 αὐτῷ
925 752 1083 836 γενέσθαι
1100 760 1265 842 φαίνεται,

313 844 392 914 οὐδὲ
410 847 713 934 προκαλεσάμενος,
739 846 816 940 οὐδ’
834 847 981 928 ἀξιώσας.
1015 850 1127 938 ἐπειδή
1148 859 1266 920 τοίνυν

311 953 416 1014 ταῦτα
426 946 534 1014 πάντα
553 944 724 1033 ήλέγχετο,
742 945 826 1028 άπερ
847 945 921 1030 παρ’
933 944 1030 1034 ὑμῖν,
1048 946 1189 1036 πρὸςτῷ
1214 955 1265 1018 δι-

312 1051 437 1133 αιτητῇ,
454 1048 510 1114 καί
520 1052 674 1131 φανερῶς
684 1049 852 1113 ἐδείκνυτο
870 1053 973 1113 πᾶσιν
992 1041 1043 1114 τόν
1062 1051 1177 1134 ἔνοχος
1197 1065 1265 1129 τοῖς

266 1165 301 1219 31
311 1145 581 1230 ἐγκεκλήμενοις,
613 1146 807 1232 ἐμβάλλεται
841 1151 1026 1232 μαρτυρίαν
1050 1151 1175 1234 ψευδῆ,
1208 1152 1264 1218 καὶ

312 1243 527 1328 ἐπιγράφεται
554 1244 724 1331 μάρτυρας
750 1243 953 1327 ἀνθρώπους
980 1241 1040 1324 οὓς
1071 1243 1146 1313 οὐδ’
1177 1245 1264 1338 υμᾶς

306 1335 490 1459 ἀγνοήσειν
508 1339 615 1430 οιμαι,
638 1343 726 1410 ἐαν
708 1346 889 1430 ακουσητε
904 1341 1088 1429 Διοτιμος
1098 1348 1264 1432 Διοτίμου

305 1433 504 1563 ΞἸκαριευς,
525 1443 736 1529 Ἀρχεβιάδης
758 1445 973 1528 Δημοτέλους
990 1440 1155 1563 Ἁλαιεὺς,
1179 1450 1264 1510 Χαι-

305 1534 460 1669 Ξρέτιμος
482 1547 693 1629 Χαριμένους
709 1540 858 1621 Πιτθεὺς
881 1563 1110 1627 μαρτυρουσιν
1129 1540 1263 1609 ἀπιέναι

306 1641 391 1712 “ἀπο
382 1643 541 1711 δείπνου
553 1669 633 1728 μετα
622 1640 814 1726 Κόνωνος,
831 1641 886 1707 καὶ
897 1646 1096 1724 προσελθεῖν
1106 1635 1174 1706 ἐν’
1154 1645 1263 1728 αγορᾷ

304 1741 522 1829 ’μαχομένοις
539 1739 711 1824 Ἀρίστωνι
726 1741 781 1806 καὶ
797 1746 844 1825 τῷ
864 1742 930 1805 υίεϊ
943 1746 990 1827 τῷ
1007 1735 1184 1820 Κόνωνος,
1207 1739 1263 1805 καί

266 1838 322 1921 32“
328 1838 371 1926 μή
385 1839 523 1920 πατάξαι
534 1840 679 1907 Κόνωνα
687 1837 866 1922 Ἀρίστωνα
873 1835 900 1923 ,”
912 1833 957 1916 ὡς
967 1835 1054 1924 ὑμᾶς
1066 1833 1194 1915 εὐθέως
1205 1859 1262 1904 περ

313 1937 527 2025 στεύσοντας,
546 1937 583 2006 τό
598 1937 628 2006 δ’
644 1937 767 2023 ἀληθὲς
777 1935 819 2003 ού
829 1939 1082 2021 λογιουμένους,
1105 1933 1158 2002 ότι
1169 1944 1262 2021 προδ-

311 2066 371 2108 τον
382 2039 444 2125 μὲν
455 2034 603 2105 οὐδέποτ’
615 2032 658 2104 ἀν
675 2034 750 2104 οὔθ’
758 2035 781 2102 ὁ
791 2041 1017 2120 Λυσίστρατος
1027 2031 1103 2104 οὔθ’
1119 2031 1137 2100 ὁ
1150 2037 1263 2102 Πασέ-

313 2166 352 2218 ας
368 2135 443 2206 οὕθ’
455 2136 471 2205 ὁ
485 2137 672 2223 Νικήρατος
690 2133 766 2204 οὔθ’
785 2132 803 2202 ὁ
819 2135 1008 2218 Διόδωρος,
1032 2140 1065 2201 οἳ
1079 2132 1263 2219 διαρρήδην

313 2237 603 2325 μεμαρτυρήκασιν
620 2235 706 2321 ὁράν
723 2231 787 2302 ὑπό
805 2235 965 2313 Κόνωνος
980 2234 1191 2320 τυπτόμενον
1207 2231 1263 2318 ἐμὲ

311 2338 367 2404 καὶ
390 2345 435 2405 θο
438 2336 569 2422 ίμάτιον
596 2335 801 2421 ἐκδυόμενον
828 2337 883 2401 καὶ
909 2331 1012 2400 τάλλα
1036 2330 1099 2400 ὅσα
1119 2337 1263 2417 ἔπασχον

312 2434 427 2524 υβριζ’
407 2463 546 2558 ομευου,
565 2435 711 2522 ἀγνωτες
727 2459 822 2512 οντες
831 2430 919 2500 καλ
899 2429 964 2499 από
978 2431 1190 2517 ταύτομάτου
1197 2455 1262 2498 πα-

315 2536 574 2630 ραγενόμενοι
543 2561 588 2603 τοι
600 2534 766 2619 πράγματι
777 2557 817 2600 τα
804 2530 937 2617 ψευδῆ
947 2543 1127 2618 μαρτυρεῖν
1135 2527 1263 2617 ήθέλη-
1271 2545 1323 2605 1267

313 2655 393 2719 σαν,
408 2640 438 2701 εί
452 2661 497 2750 μή
485 2629 634 2700 ταυθ’
617 2631 731 2714 εὀόρων
746 2631 956 2698 πεπονθότα·
979 2626 1073 2697 ἔπειτ’
1086 2627 1187 2708 αὐτός
1198 2627 1261 2714 ε’γά

314 2685 497 2798 οάδόποτ’“
476 2758 535 2815 αν,
555 2729 598 2816 μή
613 2731 735 2798 παθόν
750 2726 815 2797 ὑπὸ
827 2728 1047 2798 τούτουταῦτ’
1050 2726 1174 2816 ,ἀφεὶς
1184 2754 1263 2807 τους

253 2912 256 2920 .
314 2831 369 2898 καὶ
387 2826 460 2913 παρ’
480 2826 592 2896 αὐτῶν
614 2829 743 2897 τούτων
761 2827 1263 2916 ὁμολογουμένουςτόπτεινέμέ

314 2925 397 3010 πρός
408 2925 469 2994 τόν
479 2924 554 2994 οὐδ’
566 2925 738 3014 ἁψάμενον
755 2936 889 3014 πρῶτον
905 2931 1039 2995 εἰσιέναι
1050 2926 1261 3014 προειλόμην.

265 3038 303 3091 33
313 3035 346 3095 τί
353 3027 417 3113 γάρ
428 3024 486 3106 άν;
508 3024 575 3096 ἀλλ’
589 3024 646 3114 ὑφ’
660 3019 701 3095 οὗ
711 3054 749 3114 γε
759 3029 894 3112 πρώτου
902 3027 1051 3114 ἐπλήγην
1062 3030 1117 3095 καλ
1127 3020 1260 3112 μάλισθ

313 3124 498 3213 ὑβρίσθην,
520 3128 628 3216 τούτῳ
646 3132 702 3195 καὶ
718 3128 889 3213 δικάζομαι
900 3129 955 3195 καί
965 3147 1049 3213 μισο
1062 3128 1117 3195 καί
1130 3127 1263 3207 ἐπεξέρ-

313 3250 418 3308 χομαι.
450 3230 507 3294 καὶ
520 3227 558 3294 τά
572 3227 634 3313 μὲν
645 3225 718 3312 παρ’
732 3229 814 3313 ἐμοῦ
824 3224 924 3297 πάνθ’
937 3225 1043 3305 οὕτως
1053 3227 1141 3293 ἐστὶν
1151 3222 1265 3309 ἀληθῆ

314 3325 368 3389 καὶ
379 3332 545 3409 φαίνεται·
556 3327 663 3416 τοάτςο
675 3327 711 3395 δέ
721 3324 767 3413 μή
778 3329 1016 3414 παρασχομένῳ
1027 3323 1167 3404 τούτους
1177 3322 1265 3409 μάρ·

315 3444 417 3505 τυρας
426 3417 470 3508 ήυ
481 3425 588 3513 δήπου
600 3427 698 3512 λόγος
710 3422 829 3511 οὐδεὶς,
841 3422 908 3492 ἀλλ’
918 3423 1082 3511 ήλωκίυαι
1092 3429 1265 3510 παραχρή-

316 3545 361 3606 μα
372 3515 497 3607 ὑπῆρχε
510 3532 625 3614 σιωπῇ.
649 3523 814 3610 συμπόται
826 3519 857 3590 δ’
870 3520 963 3601 ὄντες
979 3523 1100 3590 τούτου
1111 3525 1167 3589 καλ
1181 3528 1263 3588 πολ-

314 3628 384 3688 λῶν
399 3619 558 3688 τοιούτων
574 3629 682 3708 ἔργον
698 3623 854 3690 κοινωνοὶ
871 3620 1005 3700 είκότοις
1021 3620 1061 3688 τά
1079 3624 1185 3706 ψευδῆ
1204 3644 1264 3706 με·

315 3716 574 3809 μαρτυρήκασιν.
608 3727 640 3789 εί
655 3719 686 3788 δ’
698 3725 788 3789 ἐσται
803 3720 840 3812 τὰ
858 3727 993 3806 πρᾶγμα
1010 3726 1182 3806 τοιοῦτον,
1203 3715 1263 3788 ἐάν
