3159 4409
316 481 379 573 2³⁸
521 482 599 539 ινυ.
635 475 1052 554 ΛῌΜοΣοεΝουΣ

274 661 308 712 10
316 640 433 720 σκότος
444 639 528 707 είυαι
540 637 619 725 ήδη·
636 627 1097 723 καὶγάρήυπερίέξηκοστδν,
1107 634 1330 724 murari-1³⁰²

315 749 384 826 θην
396 736 535 817 ύστατος
546 734 781 804 ἁπάντωντῶν
793 737 830 802 ἐν
840 738 947 822 ἐκείνη
957 742 998 823 τῆ
1005 731 1112 822 ἡμέρη
1122 736 1270 821 κληθέν-

315 863 394 924 των,
405 832 502 922 ῆνίκα
514 838 548 903 οί
556 834 617 920 μὲν
628 831 847 919 πρεσβύτεροι
855 838 923 899 τῶν
936 836 1090 918 δημοτῶν
1099 828 1269 918 ἀπεληλύ-

315 946 422 1004 θεσαν
436 940 483 1013 είς
491 931 571 1012 τοῦς
582 931 719 1017 ἀγρούς·
731 938 794 998 τοῦ
802 928 868 1016 γάρ
879 931 988 1018 δῆμου
997 927 1094 1018 ἡμῖν,
1108 922 1136 999 ὦ
1148 928 1269 1015 ἄνδρες

317 1035 476 1116 δικασταί,
487 1033 584 1100 πέντε
595 1032 650 1100 καί
659 1029 838 1116 τριάκοντα
849 1028 968 1098 στάδια
978 1035 1040 1097 τοῦ
1045 1027 1177 1108 ἀστειος
1187 1026 1268 1097 ἀπέ-

313 1159 430 1220 χοντος
445 1133 502 1200 καὶ
518 1138 586 1199 τῶν
601 1135 763 1198 πλείστων
781 1131 850 1197 ἐκεῖ
858 1130 1044 1198 οἰκούντων
1055 1126 1267 1216 ἀπεληλύθε-

314 1255 377 1300 σαν
399 1236 434 1300 οί
452 1237 584 1300 πολλοί·
608 1234 642 1299 οί
658 1228 697 1298 δέ
717 1228 912 1298 κατάλοιποι
930 1221 1019 1316 ἦσαν
1035 1225 1078 1296 οῦ
1093 1222 1266 1314 πλείουςῆ

312 1331 497 1418 τριάκοντα.
519 1329 602 1396 ἐνδέ
611 1327 740 1407 τούτοις
750 1320 838 1414 ἦσαν
848 1327 990 1406 ἅπαντες
1001 1333 1036 1396 οί
1042 1325 1150 1416 τούτῳ
1161 1351 1265 1413 παρε-

271 1454 303 1505 11
313 1432 538 1516 σκευασμένοι.
558 1426 668 1514 ἐπειδή
680 1424 713 1494 δ’
726 1425 852 1513 ἐκλήθη
863 1423 990 1514 τούμδν
1001 1425 1123 1514 ὄνομα,
1134 1424 1265 1512 ἀναπη-

314 1527 416 1614 δήσας
432 1518 530 1606 οὗτος
541 1526 745 1613 ἐβλασφήμει
754 1523 828 1593 κατ’
842 1529 925 1613 ἐμοῦ
935 1525 1016 1613 ταχύ
1027 1529 1081 1596 καί
1091 1524 1199 1597 πολλοὶ
1209 1526 1264 1595 καὶ

313 1628 439 1714 μεγάλη
459 1634 501 1714 τῆ
519 1633 634 1712 φωυῆ,
656 1625 766 1713 ῶσπερ
785 1627 842 1694 καὶ
859 1634 942 1710 νῦν,
965 1625 1119 1712 μάρτυρα
1134 1627 1197 1712 μὲν
1214 1616 1263 1693 ῶν

313 1726 542 1812 κατηγόρησεν
550 1724 672 1793 οόδέυα
683 1724 932 1812 παρασχόμενος
942 1723 1020 1792 οῦτε
1030 1733 1099 1793 τῶν
1110 1729 1263 1811 δημοτῶν

313 1824 391 1893 οῦτε
402 1834 470 1893 τῶν
481 1825 591 1897 ἀλλων
601 1833 761 1911 πολιτῶν,
785 1823 1022 1908 παρεκελεύετο
1033 1824 1069 1893 δὲ
1082 1838 1150 1902 τοῖς
1160 1820 1263 1909 δημό-

214 1964 223 1979 κ
270 1948 382 2002 mats
401 1920 678 2008 ἀποψηφίζεσθαι.
711 1920 883 2002 ἀξιοῦντος
897 1927 937 1989 δέ
949 1949 1018 2009 μου
1036 1919 1264 2009 ἀναβαλέσθαι

312 2027 359 2100 είς
374 2019 436 2106 τήν
454 2017 631 2104 ὑστεραίαν
644 2019 704 2095 ,διά
722 2045 757 2086 τε
770 2017 835 2106 τήν
851 2019 942 2105 ῶραν
958 2017 1059 2090 καίτδ
1071 2024 1273 2111 μηδὲναμοιΙ

313 2132 465 2201 παρεῖναι
486 2116 524 2186 τό
545 2143 581 2185 τε
602 2125 735 2204 πρᾶγμα
758 2117 856 2204 ἀφνω
877 2122 1186 2205 προσπεπτωκέναι,
1209 2123 1264 2188 ἵνα

311 2219 416 2307 τούτῳ
428 2215 457 2285 τ’
471 2222 602 2297 ἐξουσία
613 2222 739 2303 γένοιτο
752 2215 861 2287 ὁπόσα
871 2218 1026 2304 βούλοιτο
1044 2227 1264 2306 κατηγορήσω

312 2321 367 2388 καὶ
377 2319 547 2406 μάρτυρας
558 2327 590 2386 εί
596 2344 688 2397 τινας
699 2323 766 2404 ἔχοι
776 2319 1004 2402 παρασχέσθαι
1010 2367 1020 2401 ,
1042 2321 1117 2403 ἐμοί
1124 2343 1161 2384 τε
1171 2319 1264 2402 ἐκγέ-

298 2415 401 2485 νοιτο
417 2416 690 2504 ἀπολογήσασθαι
706 2422 743 2486 ἐν
758 2414 860 2484 άπασι
877 2431 945 2497 τοῖς
956 2416 1110 2503 δημόταις
1119 2419 1176 2486 καί
1185 2413 1263 2495 τοὺς

312 2522 453 2594 οἰκείους
476 2515 646 2603 μάρτυρας
666 2519 909 2604 παρασχέσθαι·
930 2519 986 2585 καὶ
1006 2515 1027 2586 ό
1048 2544 1079 2584 τι
1100 2523 1262 2604 γνοίησαν

267 2639 301 2694 13
311 2617 385 2700 περὶ
400 2620 499 2701 ἐμοῦ,
521 2616 650 2694 τούτοις
669 2615 796 2702 ήθελου
816 2616 984 2701 ἐμμένειν·
1007 2606 1105 2695 οὗτος
1128 2607 1179 2683 ῶν
1199 2616 1262 2702 μὲν

310 2712 374 2798 ἐμοὶ
386 2709 648 2798 προύκαλούμην
657 2711 758 2781 οὐδὲν
768 2713 952 2800 ἐφρόντισε,
964 2715 1026 2800 τήν
1034 2714 1070 2781 δέ
1079 2723 1196 2801 ψῆφον
1205 2712 1262 2782 εό-

309 2808 376 2891 θῦς
392 2813 504 2879 ἐδίδου
519 2824 587 2888 τοῖς
603 2818 748 2894 παροῦσι
764 2819 833 2879 τῶν
850 2815 1019 2898 δημοτῶν,
1042 2810 1117 2880 οὔτ’
1136 2810 1263 2883 ἀπολυ-

308 2917 385 2995 γίαν
395 2909 553 2996 ούδεμίαν
572 2914 643 2996 ἐμοὶ
660 2910 741 2990 δούς
758 2909 832 2978 οὔτ’
851 2916 984 2996 ἔλεγχον
1001 2908 1124 2979 ούδέυα
1140 2908 1262 3000 ἀκριβῆ

309 3010 457 3095 ποιήσας.
480 3014 514 3077 οί
523 3008 674 3100 δέτούτφ
684 3018 886 3089 συνεστῶτες
896 3009 1167 3097 ἀναπηδήσαντες
1177 3014 1261 3098 ἐψη-

310 3113 451 3193 φίζουτο.
473 3110 531 3198 καὶ
540 3099 584 3194 ήυ
594 3109 655 3194 μὲν
666 3108 799 3194 σκότος,
812 3114 846 3179 οἱ
853 3111 889 3178 δέ
897 3110 1123 3196 λαμβάνοντες
1132 3110 1260 3181 δύοκαί

308 3220 393 3291 τρεῖς
409 3207 695 3307 φήφουςέκαστος
710 3209 801 3296 παρὰ
817 3210 940 3278 τούτου
951 3212 1130 3297 ἐνέβαλλον
1140 3217 1188 3290 είς
1199 3208 1260 3280 τόν

308 3309 476 3373 καδίσκου.
510 3320 646 3393 σημείου
667 3310 719 3374 δέ·
749 3314 783 3377 οί
800 3309 863 3395 μὲν
882 3307 946 3395 γάρ
969 3309 1196 3395 ψηφισάμενοι
1216 3305 1259 3378 ού

308 3408 441 3480 πλείους
456 3399 480 3488 ῆ
496 3403 662 3488 τριάκοντ’
682 3399 784 3495 ἦσαν,
806 3412 843 3476 αί
852 3411 888 3476 δὲ
899 3417 1006 3494 ψῆφοι
1016 3406 1326 3496 ήριθμήθησανΙὸθθ

307 3497 478 3587 πλείουςή
495 3503 666 3593 ἑξήκοντα,
690 3506 774 3576 ῶστε
791 3508 917 3585 πάντας
936 3505 1022 3594 ημᾶς
1044 3511 1258 3594 ἐκπλαγῆναι.

265 3619 298 3672 14
307 3601 362 3671 καί
371 3600 475 3689 ταῦθ’
488 3599 531 3681 ῶς
542 3602 653 3692 ἀληθῆ
665 3609 766 3694 λέγω,
781 3610 839 3676 καί
850 3604 901 3674 ὅτι
911 3605 989 3675 ου”τε
1000 3606 1102 3694 ἐδόθη
1112 3604 1135 3694 ῆ
1146 3615 1259 3694 ψῆφος

308 3702 344 3766 ἐν
355 3699 458 3769 άπασι
467 3710 604 3785 πλείους
614 3703 645 3772 τ’
656 3708 810 3793 ἐγένοντο
822 3707 1158 3794 τῶνρψηφισαμέυων,
1169 3706 1260 3792 μάρ-
