3159 4409
292 495 334 560 σε
477 497 579 559 τινα.
602 490 1040 570 [ΛΗΜοΣοεΝονΣ]

376 661 495 734 Καλοῖς
505 681 561 740 μοι
573 657 731 721 δοκοῦσιν
741 655 776 719 οί
790 650 888 736 νόμοι
899 655 1000 738 ἔχειν,
1019 644 1050 719 ω’
1062 651 1184 736 ἄνδρες
1196 657 1245 727 δι·

294 755 425 836 κασταί,
447 756 482 820 οἱ
496 749 682 820 ὑπόλοιπον
699 749 815 835 ἀγῶνα
833 748 1050 836 ἀποδιδόντες
1059 765 1130 830 ταις
1141 755 1248 832 δίκαις

292 861 359 920 των
378 855 691 936 ψευδομαρτυριῶν,
714 845 755 916 ἵν’
769 858 803 916 εί
821 875 870 927 τις
885 850 1057 935 μάρτυρας
1078 848 1244 939 καὶψευδῆ

292 959 540 1040 μαρτυροῦντας
553 946 800 1034 παρασχόμενος
810 942 833 1034 ή
844 949 1040 1035 προκλήσεις
1050 947 1095 1036 μή
1107 953 1248 1036 γενομέ-

291 1046 382 1136 ναςή
393 1053 574 1136 μαρτυρίας
589 1044 678 1133 παρὰ
693 1045 752 1114 τόν
769 1046 875 1133 νόμον
893 1057 1161 1134 μαρτυρηθείσας
1171 1053 1245 1137 ἐξη-

293 1149 417 1235 πάτησε
441 1144 520 1226 τούς
542 1144 711 1229 δικαστὰς,
736 1145 840 1232 μηδὲν
863 1144 955 1236 αὐτῷ
976 1149 1077 1214 πλέον
1098 1151 1242 1235 γένηται,

292 1245 359 1316 ἄλλ’
380 1244 642 1331 ἐπισκηψάμενος
656 1259 726 1324 ταῖς
741 1251 936 1331 μαρτυρίαις
958 1242 976 1313 ὁ
1002 1243 1174 1333 ἀδικηθείς
1190 1251 1246 1316 καί

293 1343 455 1415 είσελθοδν
472 1341 517 1424 ὣς
531 1341 617 1430 ὑμᾶς
634 1348 689 1411 καλ
705 1346 865 1423 ἐπιδείξας
882 1346 1036 1428 περὶτοῦ
1052 1346 1244 1432 πράγματος

292 1445 371 1525 τούς
390 1446 560 1532 μάρτυρας
580 1443 621 1512 ’τοὶ
643 1448 752 1530 ψευδῆ
776 1445 1068 1530 μεμαρτυρηκότας
1096 1445 1187 1530 παρά
1208 1471 1244 1513 τε

292 1545 420 1615 τούτων
431 1543 617 1632 δίκηνλόβη
625 1539 746 1611 καίτδν
756 1540 1245 1632 προβαλόμενουὺπόδικονέχη

268 1654 361 1719 miv
373 1652 601 1730 κακοτεχνιῶν.
617 1647 671 1710 καλ
680 1639 734 1711 διαὶ
744 1649 844 1710 τοῦτο
853 1650 899 1732 τῷ
910 1643 971 1728 μὲν
983 1641 1136 1710 διώκοντι
1148 1643 1245 1713 ἐλάτ-

294 1769 340 1811 τω
351 1745 510 1828 ἐποίησαν
525 1740 565 1808 τό
585 1745 743 1826 ἐπιτίμια,
765 1738 825 1808 ἐὰν
841 1737 971 1829 ἡττηθῇ
977 1793 986 1826 ,
1008 1746 1064 1809 ἵνα
1080 1739 1125 1828 μή
1139 1740 1193 1810 διὰ
1205 1739 1240 1810 τό

294 1847 423 1926 πλῆθος
446 1838 694 1924 ἀποτρέπωνται
720 1838 856 1905 διοέκειν
884 1838 963 1920 τοὺς
984 1843 1154 1928 μάρτυρας
1174 1849 1245 1909 ταῖν

295 1943 592 2025 ψευδομαρτυριων
603 1941 638 2004 οί
650 1933 930 2025 ἀδικούμενοι,
900 1964 946 2004 τω
932 1940 994 2005 δὲ
1012 1937 1242 2026 φεύγοντιμε-

293 2037 397 2126 γόλας
415 2039 584 2123 ἐπέθηκαν
607 2041 778 2122 τιμωρίας,
810 2032 870 2103 ε’όιν
892 2011 1000 2104 ἁλωσι
1022 2039 1077 2105 καὶ
1099 2037 1241 2118 δόξωσιν

266 2133 374 2223 3υμῐν
391 2135 430 2205 τὰ
449 2141 556 2223 ψευδῆ
575 2139 868 2256 μεμαρτυρηκέναι.
909 2140 1056 2220 δικαίως,
1075 2164 1101 2204 ω
1091 2129 1243 2223 ἄνδρες
1274 2188 1276 2193 s

292 2242 450 2306 δικασται.
473 2235 565 2324 νμεῑς
575 2262 639 2322 γαρ
650 2242 696 2314 είς
706 2261 784 2314 τους
795 2261 963 2321 μαρτυρας
973 2238 1168 2322 βλεψαντες,
1186 2240 1241 2305 καλ

292 2336 525 2414 πιστεύσαντες
536 2331 624 2415 οἷς”
602 2362 646 2404 αν
657 2359 751 2403 ουτοι
767 2336 1017 2422 μαρτυρήσωσι,
1040 2341 1239 2422 ψηφίζεσθε’

291 2439 347 2503 ἵνα
364 2427 427 2503 οὖν
443 2434 523 2522 μήθ’
540 2434 633 2523 ὑμεῖς
649 2438 855 2516 ἐξαπατᾶσθε
872 2433 950 2523 μήθ’
972 2439 1007 2503 οί
1021 2435 1180 2515 είσιόντες
1197 2431 1244 2514 είς

292 2532 378 2620 ὑμᾶς
389 2531 582 2621 όιδικωνται,
605 2531 659 2601 διὰ
675 2561 779 2603 ταυτα
797 2531 920 2614 αὐτούς
936 2531 1118 2614 ὑποδίκους
1129 2537 1239 2660 ἐποίη-

291 2653 350 2701 σεν
366 2630 384 2701 ὁ
401 2636 593 2720 νομοθέτης.
626 2636 739 2719 δέομαι
756 2631 827 2700 δέ’
809 2660 907 2754 υμων
923 2631 1014 2719 κολγω
1031 2631 1097 2757 μετ’
1109 2633 1242 2754 εὐνοίας
1252 2649 1308 2707 1140

290 2757 356 2818 μου
369 2729 602 2816 ακροοίσασθαι
614 2736 688 2817 περὶ
698 2758 759 2799 του
771 2733 962 2818 πράγματος
972 2733 1039 2813 ἐξ’
1020 2741 1122 2821 αρχῆς
1132 2734 1242 2803 ἅπαν-

290 2855 346 2913 τα,
368 2834 424 2897 ινα
442 2832 477 2896 ἐκ
496 2829 626 2898 τούτων
651 2829 802 2917 είδήτε“
781 2851 843 2899 οσα
867 2832 931 2954 ἐγώ
947 2859 982 2900 τε
1000 2831 1170 2920 ἠδικήθην
1187 2837 1242 2902 καί

290 2927 543 3015 ἐξηπατήθησαν
560 2954 577 2995 ο
580 2933 758 2998 ίδικασταλ
774 2924 891 3017 καί
848 2957 942 2999 ουτοι
959 2931 1000 2999 τοὶ
1016 2938 1124 3021 ψευδή
1140 2939 1242 3022 ἐμαρ-

289 3028 447 3115 τύρησαν.
557 3067 561 3075 ⁴

264 3146 283 3200 4
374 3125 585 3194 Μόλισταλ
546 3151 569 3212 μ
588 3153 608 3194 ν
627 3153 690 3194 ουν
707 3123 750 3196 όν
777 3129 967 3216 ἐβουλόμην
984 3129 1027 3217 μή
1048 3135 1133 3218 ἔχειν
1155 3131 1242 3217 πρό-

290 3248 412 3308 γματα
441 3231 471 3293 εί
487 3222 516 3292 δ’
530 3251 594 3292 ουν
611 3223 790 3312 ἀναγκάζοι
807 3255 871 3315 τις,
896 3255 979 3316 προς
989 3256 1161 3309 τοιουτους
1176 3227 1243 3318 ήδό

290 3323 420 3390 έστινεί
407 3327 524 3391 ίσιέυαι
549 3329 585 3390 οι
601 3352 644 3413 μη
634 3324 802 3411 ἀγνωτές
813 3334 897 3396 είσιν
907 3327 996 3415 υμῖν.
1024 3356 1090 3398 νυν
1101 3329 1137 3405 δὲ
1149 3335 1238 3398 πλεί·

293 3447 340 3488 ων
362 3447 418 3507 μοι
437 3422 535 3507 λόγος
547 3429 636 3493 ἔσται
652 3425 901 3512 ἐξελέγχοντι
866 3454 926 3505 τον
942 3430 1069 3512 τρόπον
1085 3427 1199 3497 αὐτων
1218 3424 1241 3515 ή

291 3519 353 3606 τήν
363 3527 547 3606 μαρτυρίαν
556 3527 665 3611 ψευδῆ
676 3517 790 3593 οὖσαν.
814 3527 888 3610 περὶ
899 3526 960 3612 μὲν
971 3527 1035 3612 γὰρ
1044 3533 1103 3613 τῆς
1112 3553 1241 3615 μαρτυ-
1283 3590 1286 3595 .

292 3625 379 3703 ρίας,
398 3617 450 3685 ότι
461 3626 568 3707 ψευδῆ
579 3625 886 3711 μεμαρτυρήκασιν,
909 3623 1007 3693 αὐτοί
1014 3652 1069 3711 μοι
1080 3631 1241 3694 δοκοῦσιν
1295 3626 1307 3631 ’

290 3721 375 3808 έργςο
396 3722 572 3806 ἐξελέγχειν
589 3719 708 3809 αότήν,
726 3727 780 3793 καὶ
792 3720 854 3793 οὐκ
866 3722 988 3805 ἄλλους
998 3751 1038 3811 με
1050 3726 1238 3812 δείμοίρτυ-
