3159 4409
296 516 360 587 εει
510 516 575 574 νο.
598 506 1038 589 [ΔΗΜοΣειιΝονΣ]

298 695 388 743 σεται
408 672 630 756 πεφύλακται,
651 669 707 737 καὶ
728 665 811 752 ὅπερ
832 669 887 734 καὶ
909 672 1088 739 πεπεῖσθαί
1107 684 1190 751 φησι
1205 673 1244 754 τῇ

297 758 1245 859 γνύμη,τούτοκαλγέγραφεν,ὦςβίκαιοςέραστὴςοῦέάν

272 869 463 956 νποιήσειεν
484 865 583 935 ούάέν
602 861 740 951 αίσχρόν
758 860 827 929 οὔτ’
846 859 1025 942 άξιιόσειεν.
1058 863 1077 930 ὃ
1099 863 1162 948 μὶν
1183 855 1246 930 οὖν

299 962 409 1052 ὥσπερ
421 971 452 1034 εί
466 961 592 1051 μάλιστ’
605 956 648 1030 άν
663 957 823 1048 ἐρωτικὸν
833 961 947 1045 λάβοις
956 969 1018 1028 τού
1028 959 1149 1046 λόγου,
1172 962 1248 1044 περὶ

201 1053 209 1060 ’
297 1062 383 1134 τοῦτ’
394 1062 498 1131 ἔστιν·
520 1059 581 1130 ὁδ’
595 1059 694 1138 άλλος
705 1058 804 1143 λόγος
814 1056 855 1125 τά
865 1059 927 1144 μὲν
937 1055 1041 1124 αύτόν
1051 1060 1179 1126 ἐπαινεῖ
1187 1056 1247 1126 τὸν

297 1168 488 1244 νεανίσκον,
510 1158 550 1227 τά
570 1160 604 1227 δὲ
621 1155 711 1247 αύτῷ
728 1156 951 1243 συμβουλεύει
965 1158 1041 1242 περὶ
1052 1161 1204 1236 παιδείας
1212 1183 1247 1224 τε

297 1263 352 1331 καὶ
362 1264 583 1347 προαιρέσεως
593 1264 654 1325 τοῦ
664 1263 749 1344 βίον.
779 1255 887 1322 πάντα
899 1256 935 1324 δὲ
951 1263 1055 1322 ταῦτα
1065 1259 1247 1340 γέγραπται

296 1359 354 1430 τὸν
364 1359 490 1444 τρόπον
507 1355 548 1427 όν
564 1384 612 1436 τις
625 1351 668 1430 άν
686 1360 732 1434 είς
741 1361 872 1442 βιβλίον
885 1356 1074 1422 κατάθοιτο.
1106 1353 1246 1440 τοῑςμέν

295 1456 360 1545 γάρ
371 1465 531 1537 λεκτικοῖς
545 1463 613 1524 τῶν
632 1455 742 1541 λόγων
758 1451 871 1533 ἁπλῶς
886 1455 941 1521 καὶ
958 1451 1079 1539 ὁμοίως
1096 1448 1200 1533 οἷςάν
1210 1455 1245 1521 ἐκ

295 1565 355 1627 τοῦ
367 1556 564 1644 παραχρῆμά
574 1582 623 1635 τις
634 1564 720 1624 είποι
730 1556 845 1638 πρέπει
854 1552 1062 1639 γεγράφθαι,
1073 1567 1143 1632 τοῖς
1154 1550 1186 1620 δ’
1202 1557 1246 1630 είς

295 1655 355 1725 τὸν
361 1662 461 1724 πλείω
474 1655 597 1742 χρόνον
604 1655 841 1740 τεθησομένοις
846 1659 1020 1738 ποιητικῶς
1026 1653 1080 1719 καὶ
1087 1658 1245 1736 περιττάς

296 1751 449 1839 ἁρμόττει
465 1763 677 1839 συγκεῖσθαι·
713 1749 793 1831 τούς
810 1750 871 1839 μὲν
886 1748 951 1836 γὰρ
962 1749 1147 1835 πιθανούς,
1169 1747 1246 1828 τούς
1297 1786 1299 1791 ’

296 1850 332 1919 δὲ
348 1854 583 1931 ἐπιδεικτικούς
600 1851 684 1920 εἶναι
701 1850 869 1936 προσήκει.
902 1846 942 1917 ἵν’
955 1842 1019 1917 ούν
1028 1846 1073 1935 μὴ
1085 1846 1175 1932 παρά
1186 1847 1246 1917 τόν

295 1949 398 2034 λόγον
409 1972 461 2016 σοι
471 1951 566 2035 λέγω,
585 1954 667 2035 μηδὲ
678 1948 762 2034 άπερ
772 1947 945 2033 γιγνώσκω
956 1950 1031 2031 περὶ
1041 1945 1244 2017 τούτωναύ-

295 2043 351 2125 τὰς
362 2050 484 2130 διεξίω,
507 2045 635 2132 πρόσεχ’
651 2043 695 2124 ὡς
711 2044 816 2112 αὐτοῦ
833 2053 894 2114 τοῦ
910 2037 1013 2133 λόγου
1022 2046 1087 2134 ἤδη
1098 2045 1302 2115 &novera-1⁴⁰¹

296 2170 411 2230 μενος,
431 2142 541 2230 ἐπειδὴ
555 2147 610 2212 καὶ
621 2141 721 2223 αὐτὸς
728 2142 817 2230 ἥκει,
839 2141 880 2212 ὃν
895 2145 1086 2233 ἐβουλήθην
1097 2143 1243 2230 άκούειν,

291 2241 491 2331 Ἐπικράτης.

269 2371 286 2425 3
374 2341 481 2429 Ὁρῶν
489 2347 597 2423 ἐνίους
607 2351 676 2410 τοῖν
686 2347 861 2430 ἐρωμένων
869 2347 925 2413 καὶ
934 2344 1078 2422 κάλλους
1089 2354 1245 2430 μετεσχη-

295 2442 404 2512 κότων
416 2440 574 2529 οὐδετέρᾳ
592 2439 632 2527 δὴ
643 2449 711 2510 τῶν
722 2440 884 2530 εὐτυχιῶν
894 2442 1022 2511 τούτων
1034 2440 1149 2529 ὀρθῶς
1160 2469 1244 2531 χρω-

295 2543 431 2627 μένους,
445 2538 512 2611 άλλ’
524 2543 577 2608 ἐπὶ
587 2540 648 2626 μὲν
657 2548 698 2629 τῇ
707 2548 765 2627 τῆς
776 2540 883 2622 ὄφεως
893 2541 1069 2630 εὐπρεπείᾳ
1080 2561 1246 2627 σεμνυνο-

295 2641 431 2724 μένους,
454 2638 516 2724 τὴν
529 2641 566 2706 δὲ
584 2639 666 2722 πρὸς
677 2638 755 2718 τούς
774 2638 912 2727 ἐραστάς
928 2638 1060 2727 ὁμιλίαν
1071 2645 1246 2728 δυσχεραί-

296 2762 430 2824 νοντας,
450 2740 505 2805 καὶ
520 2744 681 2805 τοσούτου
698 2739 958 2826 διημαρτηκότας
968 2746 1030 2805 τοῦ
1040 2739 1080 2805 τά
1095 2743 1244 2825 βέλτιστα

295 2842 422 2921 κρίνειν
449 2836 535 2904 ὥστε
561 2836 616 2902 διά
633 2834 712 2915 τούς
728 2840 991 2923 λυμαινομένους
1010 2843 1057 2925 τῷ
1077 2836 1245 2922 πράγματι

294 2935 349 3001 καὶ
359 2931 443 3020 πρὸς
453 2932 532 3010 τούς
542 2931 622 3018 μετά
634 2936 855 3022 σωφροσύνης
871 2933 1060 3021 πλησιάζειν
1070 2932 1245 3014 ἀξιοῦντας

294 3033 464 3110 δυσκόλως
475 3036 713 3118 διακειμένους,
720 3031 895 3120 ἡγησάμην
905 3031 984 3112 τούς
995 3032 1057 3119 μὲν
1072 3033 1245 3112 τοιούτους

294 3128 336 3198 οὐ
344 3130 450 3216 μόνον
459 3128 570 3209 αύτοῑς
581 3129 779 3212 ἀλυσιτελῶς
789 3138 884 3219 ἔχειν,
894 3131 978 3201 ἀλλά
989 3135 1044 3200 καί
1054 3147 1122 3211 τοῖς
1132 3131 1246 3211 ἄλλοις

265 3227 462 3315 χμοχθηράς
472 3235 652 3316 συνηθείας
662 3230 905 3318 ἐνεργάζεσθαι,
914 3245 982 3309 τοῖς
992 3232 1027 3299 δὲ
1038 3237 1147 3310 καλῶς
1159 3256 1245 3318 φρο-

291 3333 410 3392 νοῦσιν
420 3324 483 3395 ούκ
502 3330 795 3414 ἐπακολουθητέον
805 3328 889 3397 εἶναι
898 3336 939 3416 τῇ
950 3324 1243 3421 τούτωνάπονοίγ,

289 3421 429 3506 μάλιστα
447 3425 508 3510 μὲν
525 3428 789 3513 ἐνθυμουμένοις
804 3426 856 3495 ὅτι
871 3435 940 3495 τῶν
950 3427 1155 3513 πραγμάτων
1166 3425 1244 3495 οὔτε

290 3526 404 3587 καλοῦν
415 3519 481 3588 οὔτ’
495 3529 640 3613 αἰσχρῶν
651 3524 828 3612 ἀποτόμως
838 3525 956 3611 ὄντων,
968 3523 1052 3593 άλλά
1064 3525 1154 3607 παρὰ
1165 3524 1244 3603 τούς

289 3621 479 3705 χρωμένους
498 3620 535 3688 τό
559 3631 713 3692 πλείστου
736 3624 1015 3707 διαλλαττόντων,
1040 3623 1167 3708 άλογον
1181 3632 1243 3712 μιᾷ

242 3816 245 3821 .
289 3715 406 3803 γνώμη
422 3718 497 3799 περὶ
513 3714 711 3808 ἀμφοτέρων
721 3730 882 3810 χρῆσθαι,
905 3719 1008 3791 ἔπειθ’
1030 3721 1082 3791 ὅτι
1102 3721 1240 3810 Ικάντων
