3159 4409
238 460 242 474 ’
309 493 375 559 τοι
494 494 585 554 ινιτ.
623 490 1072 572 [mmmmm]

310 660 433 732 ἐκεῖνος
448 659 540 740 μέχρι
556 651 678 720 τούτου
694 651 890 736 σχετλιάζων
907 649 1034 739 περιῄει
1050 653 1105 719 καὶ
1119 650 1259 736 φάσκων

312 751 491 839 εἰς”Αρειον
501 751 611 835 πάγον
620 748 824 834 Δημοχάρην
837 756 1106 833 προσκαλεῖσθαι,
1119 750 1182 828 ἕως
1193 753 1260 816 διε-

311 851 434 919 λάσατο
446 847 530 935 πρὸς
539 845 618 926 τούς
628 847 690 933 την
702 843 809 916 αἰτίαν
824 850 965 932 ἔχοντας.
999 845 1138 932 χρηστάς
1147 843 1180 932 γ’
1194 849 1261 914 ἐστὶ

249 975 253 986 ’
310 952 366 1018 καὶ
376 945 490 1027 πιστὸς
500 950 555 1014 καὶ
565 951 723 1030 κρείττων
732 946 917 1031 χρημάτων.
940 943 1015 1013 οὐδ’
1027 941 1071 1015 άν
1082 943 1261 1031 αάτδςφή-

311 1068 408 1116 σειεν.
433 1044 474 1113 οὐ
484 1042 548 1129 γάρ
559 1043 728 1113 τοσούτων
739 1048 874 1112 δεῖσθαι’
883 1063 966 1130 φασι
977 1047 1048 1112 δελν
1056 1041 1118 1112 τδν
1128 1047 1261 1122 δικαίως

311 1149 366 1215 καὶ
377 1151 515 1232 μετρίως
524 1151 592 1211 τῶν
601 1150 726 1210 κοινάν
734 1143 1025 1228 ἐπιμελησόμενον,
1033 1138 1116 1209 άλλά
1125 1140 1261 1208 πάντων

311 1245 440 1313 τούτων
451 1241 534 1310 εἶναι
544 1247 680 1328 κρείττω
703 1238 745 1308 δι’
761 1233 811 1309 οἶν
819 1240 1056 1309 ἀναλίσκουσιν
1066 1246 1113 1319 εἰς
1123 1237 1261 1318 ἑαυτοὺς

267 1340 579 1430 δοάλαμβάνουσμν.
601 1339 775 1426 καὶτδμδυ
783 1337 1192 1430 πρόςτδνάδελφδναάτῷ
1203 1363 1262 1406 πε-

312 1441 483 1526 πραγμένα
498 1436 625 1506 τοιαῦτ’
637 1444 742 1506 ἔστιν·
766 1435 787 1505 ά
798 1438 834 1506 δὲ
845 1437 928 1522 πρὸς
937 1435 1000 1524 την
1011 1438 1109 1507 πάλιν
1121 1445 1262 1524 προσελ-

224 1621 233 1629 ,
311 1538 388 1608 θάν
408 1538 564 1630 διςάκηται
575 1540 764 1624 (δευτέρους
774 1537 840 1623 γάρ
852 1534 939 1622 ὑμᾶς
949 1536 1049 1622 φήσει
1060 1544 1171 1623 φιλεῖν
1182 1535 1261 1622 μετά

310 1636 390 1716 τούς
398 1641 551 1722 οἰκείους)
564 1635 657 1716 άξιον
665 1634 815 1703 άκοῦσαι.
836 1631 1012 1721 άρξομαιδ
1024 1633 1168 1703 άπὸτοίν
1178 1632 1260 1720 πρὸς

311 1733 496 1824 ἡμάςαάτῷ
506 1737 755 1820 πεπραγμένων.
776 1743 839 1801 τοῦ
847 1735 912 1819 γὰρ
923 1730 1046 1819 πατρὸς
1056 1740 1260 1818 κατηγορῶν,

315 1826 342 1901 ά
352 1832 470 1916 άνδρες
482 1833 646 1916 δικασταὶ,
659 1829 713 1899 ὅτε
722 1831 784 1919 τὴν
794 1841 862 1900 τῶν
871 1831 1075 1918 παρανόμων
1084 1831 1188 1900 αὐτὸν
1197 1836 1263 1901 ἐδί-

313 1956 378 2000 ωκε
387 1927 539 2015 γραφὴν,
557 1934 669 2014 ἔλεγεν
682 1927 726 2009 ὡς
742 1931 1056 2017 ἐπιβεβουλευμένος
1072 1929 1090 1998 ὁ
1108 1945 1185 2009 παῖς
1202 1940 1261 2015 εἴη,

256 2075 258 2081 ·
312 2031 387 2114 περὶ
398 2020 441 2095 οὖ
451 2025 487 2095 τό
500 2026 654 2114 ψήφισμα
664 2031 894 2114 γεγραμμένον
906 2023 964 2115 ἦν,
977 2033 1014 2098 ἐν
1024 2022 1052 2120 ᾦ
1061 2027 1123 2116 τὴν
1135 2035 1262 2115 σίτησιν

268 2140 302 2194 31
312 2133 433 2214 ἔγραψε
443 2126 622 2217 Χαριδήμῳ
641 2123 659 2195 ὁ
677 2123 783 2213 πατὴρ
800 2135 848 2213 τῷ
855 2125 1045 2214 Ἰσχομάχου
1056 2132 1133 2217 υἱῷ,
1155 2130 1262 2212 λέγων

312 2225 366 2313 ὡς,
383 2224 441 2294 ἐάν
452 2229 619 2315 ἐπανέλθῃ
632 2233 676 2305 εἰς
691 2223 751 2294 τδν
761 2232 918 2316 πατρῷον
929 2224 1050 2294 οἷκονὸ
1063 2240 1154 2310 παῖς,
1177 2223 1261 2292 άπο-

311 2324 462 2405 λωλεκάς
473 2330 563 2394 ἔσται
572 2324 634 2413 τὴν
645 2325 764 2394 οὐσίαν
775 2325 918 2412 άπασαν,
931 2323 974 2412 ἣν
983 2322 1175 2412 Αδσχάλοςὸ
1188 2349 1261 2392 ποι-

311 2425 477 2510 ησάμενος
489 2423 593 2493 αὐτὸν
603 2423 681 2492 νίδν
693 2430 818 2494 ἔδωκεν
828 2423 919 2514 αὐτῷ
928 2475 938 2509 ,
960 2424 1180 2509 ψευδόμενος·
1202 2420 1262 2491 οὐ·

312 2523 454 2609 δενὶγάρ
465 2524 606 2606 πώποτε,
617 2517 645 2592 οδ
652 2524 771 2608 άνδρες
781 2525 940 2607 δικασταὶ,
951 2528 1049 2590 τοῦτο
1058 2531 1125 2589 τοῖν
1137 2527 1262 2589 εἰσποι-

310 2627 464 2707 ηθέντων
481 2623 614 2709 συνέβη.
648 2624 704 2690 καὶ
714 2623 844 2689 τούτων
854 2621 990 2689 πάντων
998 2630 1106 2689 αἴτιον
1117 2625 1181 2707 ἔφη
1192 2628 1262 2688 Πο-

310 2719 474 2788 λύευκτον
489 2728 691 2805 γεγενῆσθαι
705 2719 766 2787 τὸν
783 2725 897 2804 ἔχοντα
907 2717 968 2805 την
978 2721 1101 2804 μητέρα
1113 2727 1175 2786 τοῦ
1187 2741 1263 2784 παι-

313 2815 384 2901 δδς,
407 2816 614 2903 βουλόμενον
631 2823 716 2904 ἔχειν
732 2815 837 2886 αὐτὸν
853 2816 915 2904 τὴν
930 2825 992 2885 τοῦ
1003 2815 1122 2895 παιδὸς
1133 2814 1261 2884 οὐσίαν.
1274 2827 1325 2886 1³3²

312 2915 540 3003 ὀργισθέντων
551 2915 587 2984 δὲ
597 2923 665 2983 τῶν
676 2921 841 2985 δικαστῶν
851 2918 903 2984 ἐπὶ
912 2930 981 2993 τοῖς
992 2917 1197 3001 λεγομένοις,
1209 2916 1263 2982 καὶ

311 3014 522 3101 νομισάντων
532 3013 612 3082 αὐτὸ
624 3015 685 3100 μὲν
695 3013 732 3083 τδ
744 3015 897 3101 ψήφισμα
908 3017 963 3082 καὶ
972 3012 1034 3100 την
1043 3014 1171 3098 δωρεάν
1180 3010 1261 3080 κατὰ

311 3113 389 3190 τούς
405 3111 530 3197 νόμους
546 3111 646 3199 εἶναι,
668 3122 714 3202 τῷ
726 3111 756 3180 δ’
771 3113 844 3181 ὅντι
853 3112 914 3181 τὸν
925 3119 1026 3181 παῖδα
1036 3115 1168 3199 μέλλειν
1179 3110 1263 3178 άπο-

313 3221 499 3295 στερεῖσθαι
515 3219 585 3278 τάν
594 3213 789 3297 χρημάτων,
811 3221 859 3300 τῷ
869 3212 931 3297 μὲν
940 3213 1038 3297 πατρὶ
1050 3213 1128 3279 δέκα
1139 3208 1262 3278 ταλάν-

310 3331 378 3374 των
397 3311 551 3395 ἑτίμησαν
570 3308 613 3389 οἱς
627 3307 708 3396 μετά
718 3311 936 3379 Πολυεύκτου
952 3317 1055 3378 ταῦτα
1072 3307 1261 3394 πράττοντι,

269 3404 417 3493 ὃλτοάτῳ
435 3406 466 3473 δ’
480 3412 676 3478 ἐπίστευσαν
687 3407 732 3489 ὡς
743 3407 783 3496 δὴ
798 3410 1006 3496 βοηθήσαντι
1016 3415 1063 3498 τῷ
1073 3411 1173 3474 παιδί.
1206 3406 1261 3472 καὶ

310 3501 351 3572 τά
367 3502 428 3588 μδν
444 3506 496 3571 ἐπὶ
512 3515 572 3574 τοῦ
590 3512 802 3594 δικαστηρίου
812 3508 975 3594 γενόμενα
985 3514 1121 3574 τοιαῦτα
1131 3507 1186 3572 καὶ
1197 3527 1262 3569 πα-

313 3601 479 3687 ραπλήσια
489 3604 618 3684 τούτοις
629 3599 689 3693 ἦν·
713 3604 755 3685 ὡς
766 3605 798 3675 δ’
810 3605 828 3674 ὁ
840 3602 980 3691 χρηστὸς
991 3597 1089 3683 οὗτος
1100 3601 1261 3689 ὠργισμέ-

313 3726 393 3783 νους
410 3699 532 3793 ᾔσθετο
550 3702 628 3783 τοὺς
644 3702 847 3792 άνθράπους
862 3706 917 3772 καὶ
927 3694 1188 3788 πεπιστευμένον
1198 3696 1261 3766 αὖ*
