3159 4409
265 501 331 568 σοι
514 496 962 579 [mmmmm]

268 672 390 751 γνῶτε,
411 659 495 782 πρὸς
511 657 605 728 ταῦτ’
618 655 706 737 είκδς
725 654 975 744 ἀποβλέποντας
995 653 1076 735 τούς
1092 652 1216 736 ἀλλους

267 766 323 830 καὶ
340 757 462 839 αύτούς
477 767 545 827 τῶν
561 755 674 825 αὐτῶν
690 756 865 837 τεύξεσθαι
885 759 1036 875 νομίζειν.
1067 750 1153 820 ῶστε
1169 756 1217 820 δει

269 864 324 929 καὶ
333 883 394 928 του
381 862 574 946 βελτίστου
586 860 691 923 aaz*
651 871 710 941 της
719 849 929 978 ύμετέρας’
888 860 1001 920 αυτῶν
1010 853 1109 919 ἓνεκα
1120 851 1216 937 δόξης

269 952 496 1042 σπουδασαι,
476 979 566 1033 οπως
576 980 644 1040 αμα
654 955 709 1021 καὶ
720 954 932 1044 συμφέροντα
941 954 995 1021 καί
1017 956 1129 1023 δίκαια
1152 977 1217 1037 φο-

269 1057 415 1144 νήσεσδε
426 1053 673 1143 βουλευόμενοι.
695 1044 847 1139 ἡμὲν
804 1076 867 1119 ουν
884 1049 966 1137 ἀρχὴ
977 1049 1216 1119 τῶντοιούτων

269 1153 470 1242 πραγμάτων
489 1148 648 1220 ἀπάυτων
677 1151 745 1221 ἐστὶ
771 1156 839 1216 τῶν
863 1158 1070 1237 στρατηγῶν·
1114 1141 1166 1217 ῶν
1186 1153 1219 1223 oc

205 1272 207 1277 '
269 1260 415 1321 πλεῖστοι
428 1257 497 1319 τῶν
513 1245 587 1368 παρ’
604 1245 715 1334 ύμῶν
718 1247 927 1316 ἐκπλεόντων
942 1247 984 1315 06
1002 1247 1083 1327 τούς
1100 1247 1217 1335 ύμετέ-

270 1376 350 1437 ρους
368 1355 503 1433 φίλους,
525 1343 584 1427 οὓς
601 1345 655 1420 διὰ
672 1343 795 1425 παντὸς
810 1354 872 1432 τού
887 1346 1012 1432 χρόνον
1024 1346 1218 1416 τῶναύτῶν

268 1447 436 1527 κινδύνων
447 1445 920 1540 μετεσχηκόταςπαρειλήφασι,
927 1447 1133 1531 θεραπεύειν
1141 1446 1217 1515 τού-

268 1573 346 1627 τους
356 1555 481 1615 οίονται
491 1549 572 1632 δεῖν,
584 1541 667 1613 ἀλλὰ
677 1546 733 1613 καὶ
743 1548 847 1623 ἰδίους
859 1570 885 1630 φ
885 1545 1010 1623 ίλους“
990 1566 1129 1625 εκαστος
1139 1547 1216 1614 ἑαυ-

268 1655 315 1737 τῶ
313 1646 574 1730 κατασκευάσας
583 1642 670 1731 ύμάς
681 1641 768 1724 ἀξιοῖ
780 1643 860 1722 τούς
877 1640 990 1710 αὑτῶν
1006 1643 1154 1723 κόλακας
1164 1646 1219 1712 καί

270 1743 448 1866 ύμετέρους
463 1741 617 1830 ἡγεῖσθαι
633 1744 765 1829 φίλους·
788 1733 830 1812 06
846 1750 914 1810 πᾶν
924 1745 993 1810 ἐστι
1009 1741 1216 1812 τούναντίου.

272 1842 348 1911 ούτε
358 1841 422 1928 γάρ
431 1841 696 1928 έχδροτέρους
653 1868 713 1911 ουτ
729 1839 928 1926 ἀναγκαίους
937 1847 1065 1928 μᾶλλον
1075 1839 1219 1928 ἐχθρούς

271 1969 315 2009 αν
324 1967 452 2010 τουτων
469 1939 606 2027 εύροιτε.
631 1939 699 2030 όσηι
720 1939 785 2026 γὰρ
811 1946 912 2009 πλείω
926 1941 1219 2027 παρακρουόμενοι

271 2044 520 2124 πλεονεκτοῦσι,
536 2038 695 2128 τοσούτω
712 2038 878 2107 πλειόνων
895 2035 1077 2124 ὀφείλειν
1057 2047 1220 2161 ηγούυται

272 2144 368 2223 δίκην
388 2142 514 2205 δοῦναι.
547 2135 656 2216 οὐδεὶς
672 2105 749 2205 δ’”
727 2164 770 2205 αν
790 2144 920 2223 γένοιτο
941 2137 1061 2219 εὔνους
1078 2141 1218 2225 τούτοις,
1227 2157 1272 2215 144

271 2235 329 2324 ὑφ’
342 2263 391 2304 ων
400 2264 443 2305 αν
453 2262 484 2305 τι
494 2263 600 2305 κακον
618 2242 791 2306 πείσεσθαι
808 2242 987 2327 προσδοκᾷ.
1009 2263 1070 2306 του
1057 2230 1198 2325 Μμέν
1157 2264 1220 2307 ουν

270 2349 465 2424 κατηγορειυ
483 2345 561 2415 ἴσως
577 2333 672 2422 ούηὸ
695 2337 812 2420 παρῶν
836 2337 965 2423 καιρός·
991 2332 1061 2403 αδ
1073 2335 1220 2424 ἡγοῦμαι

271 2432 484 2569 συμφέρειν
465 2450 555 2523 υμϊυ,
567 2443 671 2504 ταῦτα
681 2434 930 2522 συμβουλεύσω.

708 2541 787 2600 MA.
917 2552 919 2554 ’

358 2632 505 2717 Οὐδένα,
523 2660 548 2700 ω
537 2627 680 2718 ἀνδρες
692 2630 877 2718 Ἀθηναῖοι,
895 2639 969 2698 τῶν
977 2629 1112 2701 πάντων
1124 2628 1221 2717 ὑμῶν

271 2730 378 2811 οὕτως
400 2731 490 2818 οἶμαι
508 2729 676 2800 κακόνουν
689 2729 825 2818 είυαιτῇ
845 2730 940 2799 πόλει
954 2729 1047 2797 ,ὥστε
1064 2729 1109 2816 μὴ
1122 2739 1221 2816 χαλε-

272 2838 341 2910 πῶς
350 2834 464 2916 φέρειν
474 2831 555 2917 μηδὲ
571 2838 749 2898 λυπεῖσθαι
765 2844 833 2909 τοῖς
849 2831 1087 2916 γεγενημένοις.
1120 2836 1152 2898 εί
1160 2831 1222 2916 μὲν

272 2936 387 2997 τοίνυν
403 2927 673 3014 ἀγανακτοῦντας
687 2921 732 3013 66
750 2927 920 3011 ἀπρακτόν
940 2954 972 2995 τι
986 2936 1122 3013 ποιῆσαι
1140 2929 1221 2996 τού-

272 3054 357 3111 των,
377 3023 463 3094 τοῦτ’
476 3021 519 3092 ἀν
535 3029 637 3110 ἔγωγε
654 3024 829 3113 παρῄνουν
846 3024 926 3112 ὑμῖν
937 3024 1077 3093 ἅπασιν·
1107 3025 1220 3111 ἐπειδὴ

273 3120 546 3209 δέταύταμὲυ’
508 3149 569 3191 ουκ
586 3119 629 3192 ἀν
645 3122 847 3210 ἀλλωςέχοι,
869 3121 961 3192 δεῑδ’
974 3121 1058 3210 ὑπὲρ
1069 3131 1139 3192 τῶν
1150 3133 1222 3192 λοι-

271 3230 347 3288 πῶυ
363 3221 632 3308 προυοηθηυαι”
612 3247 701 3302 οπως
717 3221 761 3309 μὴ
780 3222 885 3292 ταύτά
902 3229 1075 3308 πείσεσθε,
1094 3221 1219 3311 ῶσπερ,

275 3309 300 3382 ῶ
318 3317 436 3400 ἀνδρες
453 3317 646 3407 Ἀθηναιοι,
657 3329 723 3390 νῦν
744 3326 973 3443 γεγενημένων
996 3321 1221 3409 ἀγανακτεῖτε,

274 3413 361 3484 οὕτω
379 3419 439 3504 χρὴ
456 3418 772 3510 σπουδάσαιύπὲρ
753 3431 815 3490 τοῦ
831 3420 875 3508 μὴ
893 3421 993 3490 πόλιν
1009 3428 1112 3489 ταῦτα
1132 3440 1221 3506 συμ-

272 3522 388 3602 βῆναι,
408 3518 464 3583 καὶ
483 3523 627 3604 νομίζειν
647 3505 772 3607 μηδένα
795 3526 882 3606 ἔχειν
901 3520 1003 3607 λόγου
1023 3526 1127 3588 είπελν
1151 3528 1221 3588 τῶν

274 3616 573 3701 συμβουλευόντων
593 3628 761 3707 τοιοῦτον,
795 3617 832 3698 ὃς
853 3619 1029 3706 δυνήσεται
1050 3626 1157 3686 σῶσαι
1177 3617 1220 3686 τά

274 3713 423 3795 παρόντα
441 3711 581 3800 μηδενός
598 3715 693 3803 ὑμῶν
707 3719 814 3806 μηδὲν.
827 3725 1075 3806 συυαραμένου·
1099 3717 1141 3788 ού
1153 3717 1219 3804 γάρ
