3159 4409
488 522 491 536 “
585 512 863 574 ΕΠΙΣΤΟΛΗ
880 517 926 578 lV.
1162 512 1224 577 403

284 667 313 737 δ’
328 668 369 736 οὐ
380 671 541 752 δυνατόνς
559 668 716 739 ἁπάντων
727 678 795 738 τῶν
804 668 945 755 όγαθῶν
956 674 1119 757 ἐγκρατεῖς
1127 673 1227 753 ὄντας

284 774 421 852 κυρίους
437 766 521 835 εἰναι
537 769 593 835 καί·
609 764 730 847 αὐτοὺς
741 774 825 853 ἔχειν
835 770 890 835 καί
901 772 1019 835 δοῦναι
1028 782 1096 847 τοῖς
1106 769 1225 856 ἄλλοις,

286 873 438 951 φλαῦρον
459 869 495 933 δὲ
515 865 619 952 μηδὲν
633 864 788 951 μηδέποτ’
807 868 843 933 έν
859 866 958 933 παντὶ
972 874 1019 955 τῶ
1036 871 1131 933 αἰῶνι
1147 866 1227 952 μήτε

287 972 408 1036 παθεῖν
432 962 513 1048 μήτε
534 970 700 1049 μελλῆσαι.
740 965 795 1030 καί
815 961 882 1048 μὴν
900 961 1127 1049 ὑποκειμένων
1140 962 1226 1030 ποό-
1235 976 1303 1030 1488

285 1084 382 1140 των,Ι
396 1058 508 1145 ῶσπερ
529 1059 703 1145 προσήκει,
724 1073 873 1128 σκοπεῖτε
893 1059 933 1127 ιδ
954 1058 1095 1146 ὑμέτερα
1116 1057 1227 1127 αὐτῶν

261 1154 429 1241 ῖπρδςτά
450 1165 519 1225 τῶν
538 1156 650 1226 ἄλλων
669 1155 868 1242 ἀνθρώπων.
908 1157 1017 1237 οὐδεὶς
1035 1157 1099 1243 γὰρ
1124 1156 1228 1236 οὕτως

287 1257 375 1323 ἐστὶν
386 1254 551 1342 ἀγνώμων
576 1257 667 1337 ὅστις
679 1252 763 1342 ίίνῆ
772 1252 814 1324 τό
823 1261 1093 1343 Λακεδαιμονίοις
1104 1262 1228 1341 συμβε-

287 1354 422 1439 βηκότα,
430 1350 478 1432 οἰς
489 1351 622 1439 οὐκ-έγῶ
635 1354 893 1440 συνεβούλευον,
902 1350 925 1441 γ’γ’
935 1354 975 1421 τὰ
985 1356 1136 1440 Πέρσαις,
1143 1353 1227 1440 πρὸς

287 1449 346 1530 οδς
358 1450 436 1519 οὐδὲ
446 1450 613 1539 ἀφικόμην
623 1452 770 1537 πῶποτε,
791 1453 1133 1539 αίρετῶτεραφήσειεν
1145 1451 1227 1520 εἰναι

288 1558 355 1617 τῶν
371 1546 452 1635 ὑμῖν
461 1550 645 1636 παρόντων.
677 1554 732 1617 καί
742 1553 786 1618 έῶ
794 1552 1019 1630 ’Καππάδοκας
1028 1554 1082 1620 καί
1092 1551 1227 1634 Σύρους

288 1650 344 1734 καὶ
355 1647 433 1726 τούς
442 1646 649 1734 τὴνΊυδικίγν
659 1648 771 1733 χώραν
781 1656 1016 1728 κατοικοῦντας
1026 1647 1228 1734 ἀνθρώπους

278 1730 341 1815 Ιἐπ’
361 1752 478 1831 ἔσχατα
491 1748 566 1831 γῆς·
590 1739 638 1823 οἷς
648 1743 750 1812 ἅπασι
760 1749 946 1834 συμβέβηκε
956 1745 1060 1814 πολλοὶ
1071 1750 1125 1814 καί
1136 1742 1227 1813 δεινοὶ

264 1843 694 1929 8πεπονθέυαικαίχαλεπό.
713 1842 920 1930 ῶλλόινὴΛία
930 1844 1057 1912 τούτων
1065 1844 1125 1930 μὲν
1134 1840 1229 1928 όίμει-

289 1967 351 2009 νον
361 1941 445 2025 ὑμᾶς
456 1941 610 2028 πράττειν
620 1937 760 2022 ἅπαντες
775 1941 1033 2031 ὁμολογήσουσι,
1058 1949 1228 2012 Θετταλῶν

290 2042 325 2108 δὲ
342 2037 557 2125 καίἈργείων
574 2038 805 2126 καῖἈρκοίδων
814 2057 941 2129 χεῖρον,
963 2038 985 2129 ἦ
995 2050 1096 2110 τινῶν
1107 2039 1228 2125 όίλλων,

289 2135 337 2216 οἰς
347 2141 383 2206 ἐν
395 2148 558 2225 συμμαχία
570 2142 689 2224 συνέβη
700 2146 856 2225 γενέσθαι
867 2145 1027 2228 Φιλίππῳ.
1056 2136 1139 2207 ἀλλὰ
1150 2138 1230 2204 τού-

290 2261 358 2303 των
372 2238 427 2302 καί
443 2234 529 2301 πολὺ
543 2240 671 2319 βέλτιον
681 2234 884 2320 ἄπηλλοίχατε
897 2237 937 2303 οὐ
949 2236 1054 2321 μόνον
1063 2244 1109 2325 τῶ
1121 2236 1164 2321 μὴ
1177 2238 1231 2301 δε-

295 2333 508 2400 δουλευκέναι
525 2338 643 2413 (καίτοι
657 2341 690 2398 τί
705 2330 879 2418 τηλικοῶῶ’
894 2334 1052 2418 έτερου;),
1075 2331 1157 2399 ἄλλα
1178 2334 1232 2399 καί

295 2438 340 2519 τῶ
360 2432 436 2509 τοὺς
452 2429 513 2516 μὲν
529 2429 653 2506 πάντας
664 2436 786 2508 αἰτίους
797 2429 880 2497 εἰναι
892 2434 1002 2498 δοκεῖν
1012 2438 1079 2497 τῶν
1091 2428 1234 2507 τοῖςἝλ-

295 2539 370 2615 λησι
385 2535 497 2596 κακῶν
514 2527 769 2613 συμβεβηκότων
780 2525 834 2594 διὰ
846 2534 1012 2595 Φιλίππου
1021 2529 1142 2612 καὶτῆς
1153 2530 1233 2594 δου-

268 2641 284 2695 9
295 2635 398 2710 λείας,
410 2629 441 2708 ἐξ
454 2618 501 2694 ῶν
512 2623 642 2704 εἰκότως
654 2633 842 2711 μισοῦνται,
854 2622 938 2712 ὑμᾶς
948 2624 979 2692 δ’
994 2623 1139 2709 ὁρᾶσθαι
1150 2621 1232 2707 ὑπὲρ
1327 2670 1329 2673 >

293 2735 362 2795 τῶν
375 2724 539 2810 Ἑλλήνων
555 2725 610 2792 καί
628 2724 754 2809 σώμασι
770 2725 826 2792 καί
841 2724 983 2810 χρήμασι
998 2725 1053 2790 καί
1071 2721 1162 2789 πόλει
1179 2724 1234 2789 καὶ

295 2824 384 2910 χῶρᾳ
394 2825 448 2891 καί
458 2828 559 2889 πᾶσιν
568 2819 822 2909 ἠγωνισμένους,
834 2820 915 2891 ἄνθ’
929 2815 977 2890 ῶν
988 2817 1235 2897 εόκλειαυείκός

296 2918 452 3011 ὑπάρχειν
463 2922 517 2988 καί
527 2920 625 3006 χάριν
636 2917 806 2987 ἀθάνατον
816 2917 903 3003 παρὰ
913 2927 979 2987 τῶν
988 2918 1026 2987 τὰ
1036 2924 1144 2987 δίκαια
1152 2925 1236 3005 βον-

297 3019 445 3101 λομένων
462 3030 577 3084 ποιεῖν.
610 3013 735 3083 οὐκοῦν
750 3014 810 3101 ἀφ’
831 3007 878 3084 ῶν
896 3017 960 3101 ἐγώ
976 3016 1233 3101 συνεβούλευσα,

297 3121 366 3183 τῶν
382 3112 442 3199 μὲν
457 3113 682 3185 όντιστοίυτων
697 3112 813 3199 ίίριστα
829 3114 981 3202 πράττειν
996 3122 1037 3199 τῇ
1047 3112 1139 3179 πόλει
1149 3132 1235 3197 συμ-

295 3216 431 3301 βέβηκε,
455 3222 522 3280 τῶν
543 3214 579 3280 δὲ
601 3216 899 3299 συνηγωνισμένων
919 3213 1130 3295 ἐνδοξοτέραν
1151 3209 1235 3278 εἰναι

295 3320 446 3400 περίεστι.

252 3428 286 3479 10
381 3418 567 3496 Τοιγαροῦν
582 3414 633 3478 ε’πὶ
649 3410 776 3488 τούτοις
794 3413 827 3477 οἰ
840 3411 915 3477 θεοὶ
931 3406 989 3486 τδις
1005 3406 1066 3493 μὲν
1085 3413 1237 3493 μαντείας

294 3507 493 3595 τδςάγαθδις
510 3507 589 3594 ὑμῖν
607 3510 752 3593 διδόασι,
777 3505 838 3593 τὴν
857 3504 888 3574 δ’
900 3506 1016 3574 όίδικον
1026 3513 1237 3594 βλασφημίαν

296 3615 342 3686 εἰς
357 3606 505 3695 κεφαλὴν
522 3610 713 3698 τῷλέγοντι
723 3612 888 3692 τρέπουσι.
920 3612 1013 3692 γνοίη
1026 3604 1057 3672 δ’
1070 3604 1112 3672 όίυ
1124 3632 1186 3688 τις,
1210 3608 1239 3669 εἰ

296 3709 465 3795 προέλοιτο
477 3707 624 3788 ἐξετάσαι
635 3705 672 3775 τὰ
687 3705 922 3792 ἐπιτηδεύματα
946 3705 983 3771 έν
1003 3700 1108 3855 οἷξᾷζῂῇ.
1141 3700 1236 3786 δγδιρ
1247 3722 1314 3776 1489
