3159 4409
450 573 452 581 Α
533 493 675 555 ΠΡΟΣ
692 492 985 555 ΠοΛνΚΛΕΑ.
1160 495 1236 594 Χιον

272 684 273 687 ’
286 653 501 734 Αὐτοκλέους
512 651 876 740 ἀποχειροτονηθέντος,
889 645 1022 742 ηίχόμην
1033 653 1237 743 ἀναγόμενος

273 816 274 820 ,
289 751 345 823 διά
356 753 491 839 τάχους,
508 754 563 821 καὶ
578 750 651 820 ἀντὶ
660 753 722 838 μὲν
732 761 800 819 τῦν
810 750 1042 820 ἀπολιπόντων
1052 779 1093 838 με
1103 763 1237 823 ναντῦν

289 855 422 974 ἑτέρους
438 851 674 938 ἐμισθωσάμην
691 851 829 934 ναύτας,
851 849 978 936 δωρεάς
994 853 1048 919 καὶ
1064 852 1256 934 προδόσεις-

290 950 403 1030 αὐτοῖς
426 949 538 1030 διδούς
554 950 713 1036 μεγάλας,
735 963 804 1028 τοῖς
819 948 855 1017 δὲ
869 955 1089 1037 παραμείνασι
1099 948 1239 1053 τῦνάρ-

290 1055 395 1145 χαίεον
405 1075 539 1117 ναντων
547 1047 657 1116 ἔδωκα
667 1075 699 1115 τι
715 1052 770 1126 εἰς
778 1052 845 1116 διοί
830 1055 941 1135 ίιιησιν
956 1057 1026 1117 τῶν
1036 1054 1168 1117 οἰκετων
1177 1075 1239 1117 κα

244 1172 280 1226 13
289 1158 438 1217 ταλιπεῖν
448 1145 553 1237 πρός
542 1173 568 1213 ω
557 1129 908 1233 πρότερονείχον,’
870 1173 932 1214 ουκ
940 1144 1071 1232 ἀγνοῶν
1081 1172 1142 1233 την
1154 1169 1241 1269 παρ-

291 1256 398 1318 οῦσαν
418 1242 580 1332 χρείαν,“
559 1272 604 1324 ως
614 1239 808 1332 αναγκαία
785 1273 829 1331 ην
840 1244 1164 1335 ἕκάστῳ,ἀπορῦνδ’
1177 1245 1242 1314 αύ-

289 1345 348 1426 τός
365 1343 408 1425 ἀς
424 1343 469 1432 μά
486 1343 548 1413 τόν
559 1351 625 1438 Δια
643 1343 747 1414 καὶ
713 1372 774 1413 τον
787 1343 934 1412 ’Λπόλλω
945 1343 1085 1424 ούδελς”
1064 1373 1107 1413 αν
1118 1372 1175 1433 μοι
1186 1369 1242 1412 πι-

291 1445 472 1529 στεύσειεν,
481 1443 571 1523 ὅστις
581 1443 625 1530 μὴ
638 1441 773 1531 ἀληθῶς
783 1443 1060 1529 παρηκολούθηκε
1071 1458 1140 1523 τοῖς
1153 1447 1242 1530 ἐμοῖς
1323 1441 1327 1451 ’

290 1543 498 1630 πράγμασιν,
512 1540 651 1620 ὑποθεὶς
666 1541 703 1609 τὸ
722 1549 843 1628 χωρίον
856 1541 1056 1632 Θρασυλόχῳ
1067 1545 1123 1612 καὶ
1132 1541 1259 1629 Ἀρχέ-,

291 1669 369 1732 νεῳ,
381 1645 437 1711 καὶ
447 1641 684 1727 δανεισάμενος
692 1641 869 1729 τριάκοντα
880 1649 966 1727 μναῖς
975 1640 1048 1727 παρ’
1062 1639 1174 1710 αὐτῶν
1185 1644 1241 1711 καί
1280 1636 1282 1640 ’

293 1740 430 1822 διαδούς
446 1755 514 1822 τοϊς
530 1739 666 1820 ναύταις
682 1738 813 1831 ᾠχόμην
829 1738 1048 1827 ἀναγόμενος,
1071 1745 1127 1809 ἵνα
1137 1742 1244 1828 μηδὲν
1326 1765 1329 1774 “

291 1844 435 1910 ἐλλείποι
446 1848 493 1930 τῷ
504 1840 596 1931 δήμῳ
609 1831 657 1908 ὧν
671 1841 849 1926 προσέταξε
859 1835 895 1907 τό
909 1836 976 1907 κατ’
989 1841 1055 1926 ἐμέ.
1083 1837 1165 1908 καὶὸ
1180 1844 1241 1927 δῆ-

279 1967 354 2027 »μος
370 1936 517 2019 ἀκούσας
532 1947 635 2007 ταῦτα
652 1938 800 2028 ἐπῄνεσε
807 1940 845 2007 τί
859 1964 900 2026 με
917 1940 973 2006 καὶ
983 1939 1036 2006 ἐπὶ
1047 1942 1240 2017 δείπνονείς

289 2038 328 2107 τό
343 2053 563 2162 πρυτανεῖον
566 2032 729 2108 ἐκάλεσεν.
760 2036 861 2107 καὶ
837 2064 881 2118 ως
900 2047 982 2106 ταῦτ
981 2035 1124 2125 ’ἀληθη
1143 2043 1239 2125 λέγω,
1328 2067 1331 2078 ·

275 2131 420 2207 7τούτων
436 2137 517 2227 ύμῖν
534 2133 762 2224 ἀναγνώσεται
776 2165 839 2225 την
855 2144 1000 2227 μαρτυρί
998 2165 1040 2206 αν
985 2137 1158 2207 ίκαδ
1124 2165 1161 2206 το
1173 2138 1241 2225 μή·

291 2256 398 2324 φισμα
407 2238 445 2306 τὸ
456 2263 517 2305 του
504 2237 645 2324 δήμου.

517 2342 758 2404 MAPTYPIA.
784 2341 1017 2403 ΨΗΦΙΣΜΑ.

245 2459 282 2512 14
371 2432 500 2520 Ἐπειδὴ
511 2440 628 2502 τοίνυν
638 2439 684 2512 είς
688 2430 931 2519 Ελλήσποντον
939 2432 1098 2520 ἤλθομεν,
1110 2432 1197 2501 καὶ’
1176 2459 1194 2500 ο
1206 2459 1241 2501 τε

274 2535 412 2621 χρόνος
432 2531 621 2623 ἐξεληλύθει
640 2557 697 2617 μοι
716 2557 774 2617 της
795 2538 1018 2655 τριηραρχίας,
1043 2533 1098 2601 καὶ
1119 2529 1241 2618 μισθός

292 2631 356 2700 ούκ
375 2630 527 2716 ἀπεδόθη
547 2644 615 2709 τοῖς
635 2631 848 2717 στρατιάταις
865 2628 932 2701 ἀλλ’
954 2658 976 2718 η
963 2628 1091 2700 ”δνοίυ
1109 2645 1240 2718 μηνοῖν,

277 2722 402 2818 ἐτερός
412 2756 448 2798 τε
458 2728 640 2816 στρατηγός
653 2756 714 2852 ηκε
729 2731 930 2818 Τιμόμαχος,
953 2723 1116 2812 καίοντος
1126 2730 1241 2800 διαδό-

267 2831 271 2837 ’
290 2857 371 2918 χους
385 2857 448 2900 ουκ
459 2858 551 2918 αγων
562 2828 661 2900 ἐπὶ
624 2857 682 2911 τας
693 2858 791 2914 νανς
817 2831 1050 2918 αθνμησαντες
1059 2858 1114 2918 μοι
1125 2833 1241 2899 πολλοὶ
1250 2847 1318 2902 1θ11

272 2937 354 2998 Ιτοῦ
375 2929 633 3053 πληρώματος
613 2931 740 3022 ρίχοντο
755 2929 873 3000 ἀπολεί
858 2937 988 3011 ίποντες
1005 2958 1068 3018 την
1084 2939 1228 3016 ναῦυ,ο
1210 2933 1244 2998 οί

291 3029 355 3116 μὲν
365 3028 458 3109 είς
421 3057 483 3116 την
493 3054 632 3117 ηπειρον
644 3031 972 3117 στρατευσόμενοι,ο
954 3027 1030 3099 οἶδ’
1044 3037 1089 3110 είς
1104 3028 1162 3108 τάς
1173 3037 1241 3097 Θα-

292 3132 791 3252 σίωνκαὶΜαρανειτῦνναῦς,
813 3139 925 3221 μισθῷ
940 3129 1072 3218 μεγάλῳ
1084 3134 1241 3198 πεισθέν-

247 3251 283 3306 15
291 3256 347 3310 τες
348 3227 454 3300 καὶ’
434 3228 598 3317 αργύριον
614 3230 701 3298 πολύ
717 3229 956 3318 προλαβόντες,
977 3225 1083 3319 καὶτά
1093 3228 1155 3314 μὲν
1165 3233 1237 3314 παρ’

272 3355 278 3362 ·
291 3333 376 3416 ἐμοῦ
386 3331 615 3415 ἐξανηλωμένα
625 3328 687 3416 ἤδη
696 3326 850 3417 ὁρῶντες,
861 3327 901 3398 τά
912 3330 1014 3414 δὲτῆς
1026 3326 1151 3407 πόλεως
1161 3325 1243 3415 ἀμε-

294 3435 347 3514 λῆ,
360 3424 400 3494 τά
413 3426 449 3495 δὲ
458 3435 528 3494 τοῖν
539 3427 719 3515 συμμάχων
729 3428 839 3512 ἀπορα
846 3480 856 3513 ,
876 3426 917 3496 τά
929 3429 965 3496 δὲ
974 3436 1042 3497 νῦν
1051 3437 1244 3516 στρατηγεῖτε

294 3526 433 3613 ἀπιστα,
453 3529 508 3595 καὶ
527 3523 592 3595 ὑπό
612 3535 746 3596 πολλῶν
765 3521 810 3595 αύ
825 3535 872 3618 τῷ
891 3527 980 3617 λόγῳ
999 3529 1241 3615 ἐξηπατημένοι,
1277 3536 1282 3541 “

295 3629 350 3694 καὶ
371 3623 433 3693 τόν
459 3625 583 3712 χρόνον
610 3628 768 3714 ἐξήκοντα
794 3634 853 3715 τῆς
878 3634 1086 3715 τριηραρχίας
1105 3630 1161 3696 καί
1183 3621 1243 3692 τόν

294 3733 405 3794 πλοῦν
416 3724 523 3795 οὐκέτ’
538 3725 618 3796 ὅντα
629 3721 758 3815 οἴκαδε,
780 3725 859 3797 οῦδὲ
876 3728 1032 3815 διάδοχον
1048 3727 1174 3814 ἥκοντα
1191 3726 1243 3793 ἐπὶ
