3159 4409
324 498 387 562 162
567 504 596 560 L.
619 495 1041 557 ΔΗΜΟΣΘΕΝΟΤΣ
1110 537 1116 545 .

325 645 561 746 ρικαθημένων
574 655 686 744 κύκλςο
704 654 741 723 τό
759 669 863 740 τεῖχος
873 659 928 724 καί
938 659 1044 736 ξένων
1053 659 1286 747 μισθοφόρων-

324 761 379 826 καὶ
389 758 569 846 βαρβάρων
585 763 794 841 προσοίκων,
817 752 999 839 ἀναγκαῖον
1010 748 1054 842 ἦν
1064 753 1112 825 ἐπ’
1126 756 1277 844 ἀγκύρας

324 855 545 925 ἀποσαλεύειν
554 853 617 941 τὴν
627 854 733 922 νύκτα
744 847 945 939 μετεώρους,
957 852 1091 934 ἀσίτους
1101 860 1157 924 καί
1168 855 1276 944 ἀχρύ-

324 980 437 1040 πνους,
457 957 727 1040 φυλαττομένους
740 949 789 1038 μὴ
801 961 859 1037 τῆς
869 950 990 1031 νυκτός
1000 951 1081 1040 ἡμῖν
1092 959 1275 1025 ἐπιθῶνται

276 1071 311 1125 23
324 1060 360 1123 αί
378 1059 608 1137 Μαρωνειτῦν
627 1054 778 1137 τριήρεις.
808 1057 856 1118 ἔτι
877 1051 913 1118 δὲ
934 1057 1057 1139 συνέβη
1080 1061 1139 1140 τῆς
1155 1054 1276 1136 νυκτὸς

325 1153 396 1242 όόρηι
408 1160 502 1231 έτους
513 1151 606 1239 ὕδωρ
621 1153 677 1219 καὶ
692 1151 836 1238 βροντάς
851 1152 904 1218 καί
922 1150 1048 1238 ἀνεμον
1065 1157 1171 1240 μέγαν
1181 1157 1276 1240 γενέ-

219 1318 222 1323 ,
324 1263 406 1321 σθαι
422 1247 488 1339 (ὑπ’
501 1249 604 1330 αύτάς
619 1248 683 1336 γάρ
700 1251 876 1318 Πλειάδων
894 1249 1003 1329 δύσεις
1013 1256 1048 1319 οί
1055 1253 1173 1338 χρόνοι
1183 1247 1275 1324 οῦτοι

321 1344 433 1438 ἦσαν),
447 1354 480 1431 ἐξ
493 1343 542 1419 ύν
553 1357 627 1418 τίνα
638 1350 702 1417 ούκ
714 1359 842 1433 οίεσδε,
861 1341 1019 1434 άάνδρες
1030 1355 1196 1440 δικασταί,
1208 1367 1319 1433 votem

309 1449 533 1536 ,στρατιώταις
552 1447 701 1536 ἀθυμίαν
725 1452 894 1535 ἐμπεσεῖν;
925 1450 1034 1535 πόσην
1055 1454 1095 1520 δέ
1112 1479 1170 1539 μοι
1190 1453 1271 1540 μετά

321 1557 425 1616 ταῦτα
442 1547 619 1630 ἀπόλειψιν
635 1552 795 1634 γενέσθαι
812 1547 929 1631 πάλιν,
951 1555 1020 1615 των
1031 1546 1178 1634 ἀρχαίων
1188 1577 1273 1620 ναν-

321 1656 390 1715 τιίν
407 1649 729 1732 ταλαιπωρουμένων
748 1646 810 1733 μὲν
830 1645 953 1729 πολλά,
976 1645 1223 1736 ὠφελουμένων
1238 1651 1272 1719 δὲ

321 1748 453 1832 βραχέα,
466 1745 529 1813 ὅσα
541 1745 605 1830 ἐγω
617 1751 782 1832 δυναίμην
793 1745 920 1834 ἑκάστῳ
933 1747 1161 1833 δανειζόμενος
1171 1752 1271 1835 ἐπαρ-

321 1846 414 1912 κέσαι
435 1843 518 1929 πρὸς
540 1837 567 1930 ᾧ
589 1844 753 1930 πρότερον
776 1843 865 1929 εἶχον
886 1842 960 1929 παρ’
982 1849 1080 1931 ἐμοῦ,
1102 1849 1172 1914 ἐπεὶ
1193 1846 1215 1915 ὅ
1234 1873 1270 1934 γε

321 1940 502 2028 στρατηγὸς
519 1940 597 2010 ούδὲ
613 1941 650 2009 τὸ
669 1940 719 2027 ἐφ’
730 1939 857 2028 ἡμέραν
874 1941 987 2022 αὐτοῖς
1003 1946 1142 2030 τροφὴν
1152 1951 1270 2033 διαρκῆ
1296 1934 1303 1949 ⁸

321 2042 440 2108 ἐδίδου.
473 2041 528 2107 καὶ
544 2039 606 2125 ἤδη
623 2042 710 2124 τρεῖς
727 2047 828 2126 μῆνες
848 2042 1181 2129 ἐπετετριηράρχηντό
1203 2070 1267 2131 μοι,

320 2141 375 2233 καὶ
390 2137 521 2207 οὐδέπω
538 2130 637 2217 ούτος
656 2130 739 2224 ἧκεν
751 2141 805 2207 ἐπὶ
820 2136 882 2225 τὴν
899 2149 1002 2226 ναῦν,
1023 2138 1092 2209 ἀλλ’
1109 2143 1269 2228 ἐμισθού-

319 2228 385 2325 μην
396 2237 519 2316 ναύτας
530 2235 603 2306 ἀντὶ
614 2236 948 2326 τοίνάπολιπόντων,
967 2242 1197 2329 δανειζόμενος
1207 2241 1267 2328 ἀρ-

317 2338 445 2425 νόριον.

274 2459 309 2512 24
402 2437 510 2527 Μόνῳ
522 2443 638 2505 τοίνυν
645 2436 751 2525 τούτῳ
760 2445 828 2505 τῶν
837 2436 949 2507 ἀλλων
956 2439 1121 2527 διαδόχων
1129 2440 1192 2510 ούκ
1204 2447 1268 2510 ἔστι

319 2536 485 2622 πρόφασις
495 2534 756 2623 ὑπολειπομένη,
780 2537 863 2605 διότι
879 2537 921 2605 ού
933 2539 1033 2606 πάλαι
1048 2532 1131 2625 ἧκεν
1142 2543 1196 2608 ἐπὶ
1207 2539 1267 2626 τὴν

318 2644 413 2704 ναῦν.
443 2635 461 2703 ὁ
480 2636 544 2721 γάρ
556 2633 745 2722 Εὐκτήμων
762 2634 780 2703 ὁ
800 2638 1083 2725 πεντηκόνταρχος
1101 2636 1192 2718 ὦςέκ
1207 2647 1267 2707 τοῦ

313 2733 555 2821 Ἑλλησπόντου
565 2733 730 2820 ἀπεστάλη
739 2740 853 2803 οίκαδε
861 2732 1061 2823 ἀσθενήσας,
1069 2737 1267 2824 ἐπειδήκατ-
1315 2792 1318 2813 ,

317 2839 456 2901 ε’πλευσε
474 2834 530 2900 καί
547 2832 671 2918 ἤκουσε
692 2841 815 2901 τοῦτον
835 2836 906 2920 ἐμοὶ
927 2835 1084 2921 διάδοχον
1100 2846 1265 2924 καθεστη-

315 2934 413 3018 κότα,
434 2930 529 3011 είδύς
540 2932 648 2999 τόντε
663 2932 787 3018 χρόνον
803 2932 960 3019 ἑξήκοντά
976 2960 1032 3020 μοι
1042 2941 1100 3020 τῆς
1110 2960 1265 3022 τριηραρ-

314 3038 385 3118 χίας
396 3034 450 3099 nal
461 3030 524 3118 ἤδη
536 3033 852 3118 ἐπιτριηραρχοῦντά
862 3059 918 3119 με,
938 3032 1142 3121 παραλαβάιν
1151 3041 1267 3102 Δεινί-

314 3157 358 3198 αν
374 3130 435 3200 τόν
455 3129 698 3218 κηδεστὴντὸν
722 3129 804 3216 ἐμόν
823 3137 1036 3218 προσέρχεται
1055 3131 1148 3218 αύτῷ
1166 3137 1203 3201 ἐν
1220 3138 1266 3221 τῷ

315 3232 477 3316 δείγματι,
494 3233 549 3299 καί
566 3232 719 3298 ἐκέλευεν
729 3227 835 3298 αύτόυ
847 3228 891 3311 ὡς
901 3231 1035 3317 τάχιστα
1046 3233 1098 3300 έπί
1108 3230 1171 3318 τὴν
1181 3239 1268 3300 ναῦν

314 3323 476 3396 ἀποπλεῖν
488 3327 533 3409 ὡς
542 3337 611 3397 τιδν
622 3328 850 3417 ἀναλωμάτων
861 3339 996 3399 πολλῶν
1008 3330 1134 3415 όντων,
1152 3329 1174 3397 ἀ
1185 3325 1262 3399 καθ’

313 3421 441 3511 ἡμέραν
452 3428 593 3514 ἑκάστην
605 3423 688 3514 πρός
703 3436 749 3518 τῷ
762 3426 851 3513 παρά
862 3437 924 3497 τοῦ
936 3437 1123 3516 στρατηγοῦ
1133 3450 1264 3517 σιτηρε-

268 3545 302 3598 25
313 3531 372 3614 σίμ
391 3530 437 3603 είς
454 3524 515 3612 τὴν
529 3537 616 3596 ναῦν
627 3530 790 3620 διδομένῳ
802 3526 1012 3615 ἀνηλίσκετο,
1035 3527 1110 3599 καθ’
1124 3533 1265 3599 ἕκαστον

311 3622 404 3716 αὐτῷ
424 3624 559 3705 διεξιοδν·
569 3627 648 3707 τούς
668 3655 703 3696 τε
722 3627 867 3715 μισθούς
884 3626 1012 3717 τούςτῇ
1030 3626 1193 3718 ὑπηρεσία
1209 3628 1265 3696 καὶ

309 3738 377 3805 τοῖς
387 3723 555 3812 ἐπιβάταις
564 3727 647 3795 κατά
658 3737 747 3814 μῆνα
765 3728 976 3814 διδομένους,
997 3742 1065 3806 τοῖς
1081 3753 1117 3794 τε
1128 3726 1264 3804 ναύταις
