3159 4409
585 502 921 565 ΕΡΩΤΙΚΟΣ.
1181 504 1244 569 8³3

291 670 532 755 γεγενημένων,
545 662 634 749 ὅμως
647 659 680 728 δ’
692 659 734 728 ού
745 667 953 748 παραλείψω·
965 664 1021 730 καὶ
1029 660 1094 747 γὰρ
1107 664 1243 752 αἰσχρόν

292 765 315 834 δῖ
331 772 545 848 θεωροῦντας
559 758 645 847 ἡμᾶς
661 758 852 846 εὐφραίνει,
875 756 963 827 ταῦτ’
983 756 1177 844 ἀπαγγείλαι
1197 762 1241 850 μή

291 869 428 933 ἐθέλειν.
463 861 610 938 ἅπαντας
623 861 686 946 μὲν
703 852 767 926 ούν
783 864 815 926 εί
831 863 987 944 διεξιοίην
1004 857 1083 937 τούς
1101 856 1241 948 ἀγῶνας,

292 974 372 1042 ἴσως
382 957 427 1030 ἀν
436 960 578 1044 ἀκαιρον
587 965 691 1045 μῆκος
700 955 781 1044 ἡμῖν
791 958 972 1042 ἐπιγένοιτο
984 963 1030 1047 τῷ
1040 956 1147 1046 λόγον
1169 957 1243 1037 ἑνός

292 1061 343 1148 δ’,
368 1066 405 1130 ἐν
417 1052 446 1149 ᾦ
455 1059 541 1128 πολὺ
553 1058 744 1144 διήνεγκας,
767 1057 927 1143 μνησθεὶς
943 1052 1047 1123 ταύτά
1057 1081 1093 1122 τε
1105 1057 1243 1141 δηλιόσω

291 1162 346 1228 καὶ
361 1167 402 1247 τῇ
412 1166 482 1226 τόν
491 1155 687 1224 ἀκουόντων
698 1153 839 1240 δυνάμει
856 1154 1122 1241 συμμετρότερον
1133 1156 1244 1241 φανή-

248 1287 282 1342 23
291 1282 390 1344 σοματ
402 1255 578 1344 χριόμενος.
600 1261 669 1322 τῶν
680 1252 744 1339 γάρ
755 1259 883 1338 ζευγῶν
892 1251 1099 1341 ἀφεθέντων,
1111 1259 1167 1324 καί
1175 1263 1244 1324 τῶν

292 1361 354 1444 μὲν
364 1355 660 1442 προορμησάντων,
671 1351 785 1421 τῶνδ’
797 1350 1110 1439 ὑφηνιοχουμένων,
1131 1351 1244 1440 ἀμφο-

291 1458 398 1538 κέρων
410 1451 680 1539 περιγενόμενος,
703 1449 1097 1539 ύςὲκατέρωνκροσήκε,
1119 1452 1181 1539 τήν
1192 1459 1244 1521 νί-

291 1580 355 1639 κην
366 1559 495 1638 ἔλαβες,
516 1551 672 1619 τοιούτου
687 1550 856 1635 στεφάνου
872 1549 983 1636 τυχόν
993 1548 1043 1636 ἐφ’
1058 1542 1103 1641 ᾧ,
1125 1559 1242 1636 καίττερ

292 1659 399 1718 καλοῦ
409 1659 470 1718 τού
478 1659 577 1718 νικοῖν
589 1649 695 1736 ὄντος,
708 1650 847 1718 κάλλιον
858 1649 967 1718 ἐδόκει
977 1651 1032 1718 καί
1043 1651 1243 1734 παραλογώ-

294 1774 393 1835 τερον
405 1747 489 1815 εἶναι
506 1747 544 1816 τό
556 1757 709 1836 σωθήναι
717 1753 932 1836 ·-·φερομε’νου
940 1747 1004 1834 γάρ
1017 1752 1170 1818 ἐναντίου
1180 1752 1242 1836 μέν
1251 1777 1320 1832 1410

293 1867 347 1915 σοι
356 1854 417 1915 τοῦ
426 1855 496 1915 τόν
507 1845 700 1916 ἀντιπάλων
715 1848 877 1935 ἅρματος,
896 1847 1055 1916 ἀνιόντων
1066 1847 1098 1916 δ’
1113 1846 1242 1916 ἀνυττό·

292 1966 415 2014 στατον
424 1949 588 2032 οἰομένων
597 1945 681 2015 εἶναι
690 1946 753 2033 τήν
762 1956 831 2016 τεόν
846 1953 958 2016 ἴνττιων
968 1947 1129 2035 δύναμιν,
1151 1946 1242 2032 ὁρῶν

292 2043 590 2125 αύτωνένίουςτιαδ
607 2045 750 2133 μηδενός
766 2051 882 2116 δεινοῦ
891 2046 1055 2132 παρόντος
1066 2045 1241 2133 ὑπερηγω-

292 2145 461 2229 νιακότας,
486 2142 546 2230 ούη
557 2141 1135 2232 ότιωςέξεντλάγηςήκατεδειλίασας,
1157 2137 1241 2219 ἀλλά

291 2250 332 2330 νή
349 2243 411 2328 μὲν
427 2239 635 2334 ἀνδρείηικαλ
650 2252 710 2331 τῆς
726 2252 788 2312 τοῦ
807 2246 944 2330 ζεύγους
959 2243 1063 2332 ὁρμῆς
1083 2252 1241 2329 κρείττων
1318 2304 1321 2323 ,

291 2342 424 2427 ἐγένου,
446 2350 494 2432 τῷ
510 2345 546 2410 δε
556 2341 646 2428 τάχει
658 2346 714 2412 καὶ
725 2342 804 2422 τούς
815 2343 1074 2433 διηυτυχηκότας
1081 2353 1149 2412 τῶν
1160 2343 1241 2411 ἀντ-

245 2449 484 2525 ηραγωνιστῶν
495 2448 672 2528 παρῆλθες.
714 2444 769 2510 καλ
783 2442 850 2527 γάρ
877 2468 928 2511 τοι
944 2451 1105 2511 τοσούτου
1121 2442 1241 2529 μετήλ-

290 2542 388 2620 λαξας
414 2546 483 2609 τόν
510 2541 704 2629 ἀνθρώπων
734 2540 794 2621 τάς
820 2546 968 2621 διανοίας
996 2542 1081 2611 ὥστε
1106 2533 1240 2611 κολλῶν

290 2638 513 2723 θρυλούντων
532 2637 576 2718 ὡς
594 2642 630 2708 ἐν
646 2653 714 2718 τοῖς
726 2644 873 2721 ἀστικοῖς
889 2639 1016 2727 ἀγῶσιν
1027 2639 1165 2729 ἡδίστην
1178 2648 1239 2710 θέ-

290 2762 334 2803 αν
348 2741 522 2823 καρέχεται
537 2736 577 2807 τά
592 2747 823 2827 ναυαγοῦντα,
836 2743 902 2809 καὶ
918 2742 1111 2810 δοκούντων
1126 2740 1238 2828 ἀληθῆ

290 2843 393 2901 ταῦτα
404 2839 528 2923 λέγειν,
546 2840 599 2906 ἐπὶ
611 2845 675 2905 σού
685 2836 884 2911 τούναντίον
899 2840 978 2921 τούς
990 2841 1113 2921 θεατὰς
1124 2848 1240 2927 φοβεῖ-

290 2941 372 2999 σθαι
388 2933 513 3014 κάντας
532 2937 576 3022 μή
595 2962 628 3003 τι
646 2941 797 3026 συμπέσῃ
806 2947 937 3007 τοιοῦτο
954 2942 1029 3028 περὶ
1045 2945 1098 3007 σε’·
1123 2938 1239 3006 τοιαύ-

288 3055 351 3116 την
370 3026 507 3099 εύνοιαν
525 3037 579 3102 καὶ
598 3043 786 3122 φιλοτιμίαν
804 3036 824 3124 ή
842 3036 883 3125 σή
902 3038 1004 3122 φύσις
1022 3036 1135 3113 αύτοῖς
1153 3058 1239 3122 καρ-

289 3133 392 3216 έσχεν.
521 3154 522 3158 ’
872 3169 874 3172 ·

246 3247 282 3301 30
372 3229 535 3308 Είκότως·
559 3228 664 3300 καλόν
680 3233 742 3319 μδυ
758 3232 822 3319 γὰρ
832 3236 894 3302 καὶ
911 3231 948 3301 τό
965 3231 1041 3301 καθ’
1054 3235 1091 3301 ἕν
1102 3257 1134 3299 τι
1145 3239 1238 3320 κτερί-
1319 3308 1323 3317 ,

240 3366 246 3377 ·
288 3336 432 3415 βλεττον
441 3331 711 3416 γενέσθαι,ψτιολύ
724 3333 759 3402 δὲ
775 3333 913 3401 κάλλιον
927 3329 964 3400 τό
976 3332 1085 3400 κάντα
1102 3341 1239 3418 περιλα-

288 3423 362 3513 βείν
371 3426 422 3513 ἐφ’
436 3425 485 3508 οἷς
496 3427 542 3496 ἀν
557 3456 605 3510 τις
618 3439 703 3499 υούν
719 3436 803 3517 ἔχων
813 3436 1055 3517 φιλοτιμηθείη.
1086 3435 1190 3517 δῆλον
1201 3429 1233 3499 δ’

289 3528 435 3595 ἐκεῖθεν·
458 3525 644 3615 εὑρήσομεν
658 3528 723 3616 γάρ
735 3526 933 3615 Αίακδνμδν
943 3529 998 3596 καί
1005 3524 1236 3615 Ῥαδάμανθυν

289 3624 343 3692 διά
356 3628 591 3716 σωφροσύνην,
606 3627 767 3716 Ἡρακλέα
778 3629 813 3697 δὲ
824 3629 879 3696 καὶ
889 3628 1044 3714 Κάστορα
1054 3630 1109 3697 καὶ
1121 3634 1235 3694 Πολυ-

288 3723 413 3809 δεύκην
429 3723 469 3792 δι’
486 3725 659 3814 ἀνδρείαν,
683 3725 885 3814 Γανυμήδην
902 3727 938 3797 δὲ
952 3729 1007 3797 καὶ
1019 3726 1163 3796 ’Ἄδωνιν
1178 3728 1233 3794 καὶ
