3159 4409
315 487 402 556 144-
495 487 585 547 χιιι.
626 481 1069 563 [Δοωοεοοιιουει

315 655 371 719 ἵνα
389 648 528 736 διαλύση
545 644 606 715 τὸν
622 647 831 732 ναύκληρον,
853 643 1007 726 καθάπερ
1026 633 1125 762 ρύτος
1142 643 1266 730 ἐδεήθη

315 747 370 815 ὅτε
382 749 506 827 ἐξέπλει
517 753 579 814 τοῦ
590 743 714 865 πριτρός
731 747 786 812 καί
803 744 984 828 συνέστησε
1003 739 1265 828 τόυΦιλιάνᾶαυ,

315 843 537 941 προσαγαγών
563 842 646 929 πρὸς
673 841 736 929 τὴν
756 839 958 929 τράπεζαν
944 868 961 908 ο
983 840 1090 926 πατὴρ
1112 843 1267 909 ἐκέλευσε

315 936 433 1012 δοῦναι
441 947 623 1029 Φορμίωνα
642 967 678 1007 το
668 939 818 1010 ναυλου
828 966 896 1010 των
906 939 1030 1024 ξυλων,
1052 940 1182 1024 χιλίας
1166 964 1267 1007 επτα

271 1047 427 1121 ὅοαοσίας
443 1039 657 1126 πεντήκοντα.
689 1037 820 1107 ααλ’ί
761 1065 804 1125 ηρ
806 1045 928 1124 ίθμησε
944 1035 980 1106 τὸ
998 1035 1161 1124 ἀργύριον
1173 1044 1267 1123 Φορ-

314 1148 413 1226 μίων·
436 1141 491 1206 καὶ
505 1136 673 1223 ,ἐγράψατο
683 1139 745 1223 μὲν
756 1138 933 1258 ὀφείλοντα
947 1139 1131 1256 Τιμόθεον·
1152 1129 1267 1224 (ουτος
1275 1148 1318 1203 115

313 1236 377 1326 γὰρ
388 1230 460 1323 ἦυο
450 1234 604 1323 “ιλεηθεὶς
615 1244 676 1303 τοῦ
669 1237 811 1359 πατρὸς
821 1250 1000 1321 παρασχεῖν
1009 1262 1046 1303 το
1035 1236 1188 1304 ναῦλον
1198 1261 1268 1304 των
1296 1308 1298 1313 ,

313 1340 439 1425 ξύλων,
459 1339 530 1406 παλ
525 1337 647 1405 τούτου
659 1329 703 1420 ἦν
709 1334 762 1421 )
743 1361 922 1423 υπομυημα
934 1334 965 1403 6
980 1334 1193 1422 ἀπεγράψατο
1203 1337 1268 1422 τήν

254 1467 256 1473 ’
311 1465 346 1506 τε
362 1444 476 1524 χρείαν
490 1443 522 1505 εί
521 1432 590 1520 ςῆν
601 1419 779 1522 ἐλήφθη
745 1461 781 1503 το
794 1433 958 1521 ἀργύριον
968 1431 1068 1501 καὶ
1033 1459 1071 1501 το
1081 1431 1192 1520 ὄνομα
1203 1441 1266 1502 τοῦ

312 1536 481 1623 λαβόντος
513 1527 1266 1656 καὶούτοςὸχρόυοςἦνἈλαισθένρυςάρχον-

311 1661 383 1719 τος,
405 1630 423 1702 6
442 1633 580 1718 ὕστερος
596 1629 785 1712 ἐνιαυτὸς
762 1660 784 1719 η
803 1659 899 1711 ουτος
909 1659 1049 1718 ανηχετο
1063 1660 1107 1712 ως
1116 1637 1264 1720 βασιλέα.

270 1745 303 1799 31
313 1731 378 1800 ὑπὸ
392 1731 427 1798 66
437 1728 497 1799 τὸυ
508 1728 612 1799 αύτόν
621 1733 745 1817 χρόνον
754 1739 875 1800 τοῦτον
885 1735 941 1799 καὶ
954 1729 1190 1819 Τιμοσθένηςὸ
1201 1739 1266 1802 Αί-

312 1827 702 1916 χιλιεύςάφικνείταιτιοιί
716 1829 1171 1917 ἐμπορίαυίδίαυάποέημύυ.
1192 1836 1266 1902 ἐπι-

312 1929 440 2015 τήδειος
455 1928 492 1996 6
509 1923 558 1995 ἀν
576 1935 745 2014 Φορμίωνι
762 1932 818 1997 καί
833 1929 993 2009 αοιυωνός
1011 1928 1030 1999 6
1044 1937 1263 2019 Τιμοσθένης,

312 2026 363 2096 ὅτ’
382 2029 523 2109 ἐξέπλει,
545 2031 681 2096 δίδωσιν
691 2025 869 2096 ἀποθεῖναι
879 2037 925 2118 τῷ
937 2036 1108 2116 Φορμίωνι
1119 2027 1188 2116 μετ’
1203 2029 1265 2098 ἀλ-

313 2136 381 2195 λων
391 2125 567 2212 χρημάτων
577 2129 632 2194 καὶ
641 2128 762 2213 φιάλας
772 2135 980 2214 λυκιουργεῖς
991 2129 1062 2197 δύο.
1086 2126 1151 2196 ἀπὸ
1164 2130 1266 2216 τύχης

313 2224 344 2294 6’
367 2223 385 2294 6
403 2237 479 2304 παῖς
495 2224 614 2304 ταύτας
624 2226 682 2306 τάς
694 2227 831 2314 φιάλας,
854 2226 916 2296 ούκ
928 2226 1021 2308 είάἀς
1032 2228 1083 2297 ὅτι
1095 2227 1265 2315 ἀλλότριαι

311 2317 414 2411 ἦσαν,
438 2327 553 2392 δίδωσι
568 2333 616 2415 τῷ
624 2332 810 2412 ΑἰσχρίωνιΙ
820 2335 867 2416 τῷ
883 2325 1060 2416 ἀκολούθῳ
1071 2334 1117 2416 τῷ
1129 2327 1262 2414 τούτου,

312 2420 362 2492 ὅτ’
382 2425 537 2511 ἐπέμφθη
548 2422 600 2504 ’ἀς
615 2423 676 2494 τὸν
692 2428 815 2510 πατέρα
828 2424 891 2495 τὸυ
907 2427 987 2513 έμόυ
998 2425 1063 2494 ύπὸ
1075 2426 1264 2494 τούτουκαὶ

311 2521 420 2612 ᾐτεῖτο
437 2522 477 2590 τά
494 2524 668 2610 στρύματα
687 2527 742 2592 καλ
759 2525 800 2593 τά
817 2527 928 2612 ίμάτια
938 2528 994 2593 καὶ
1005 2524 1062 2604 τὰς
1071 2525 1196 2610 φιάλας
1207 2529 1263 2594 ναὶ

311 2621 372 2709 την
393 2630 481 2709 μνᾶν
501 2631 563 2691 τοῦ
576 2621 741 2709 ἀργυρίου
759 2628 964 2710 ἐδανείσατο,
985 2623 1201 2710 ἀφικομένων
1219 2622 1264 2704 ἀς

269 2740 303 2794 32
310 2730 431 2790 τοῦτον
437 2719 589 2790 Ἀλκέτου
595 2723 650 2791 καὶ
657 2722 808 2803 Ἰάσουος.
821 2723 1038 2804 ἀπαιτοῦντος
1045 2726 1080 2792 δὲ
1088 2730 1149 2791 τοῦ
1160 2730 1263 2810 Τιμο-

311 2816 905 2909 σθευουςταςφιαλαςτονΦορμιωνα,
913 2819 1023 2908 ἐπειδη
1033 2814 1262 2909 ηκευ,αποδη
1276 2896 1278 2899 ,

309 2924 452 3003 μοῦυτος
462 2921 629 3003 Τιμοθέου
641 2942 730 3004 παρα
719 2917 878 3004 βασιλεῖ,
891 2925 999 2986 πείθει
1010 2916 1113 2986 αύτὸυ
1124 2916 1142 2987 6
1152 2917 1263 3038 πατηρ

309 3043 327 3085 ο
317 3015 416 3104 ’ἐμὸς
426 3015 524 3103 τιμηυ
535 3016 717 3104 ἀπολαβεῖν
726 3025 795 3085 τῶν
806 3017 974 3137 φιριλῶυ,“
953 3038 1036 3085 οσον
1045 3010 1129 3104 ἦχον
1138 3022 1174 3086 αί
1180 3018 1262 3103 φιά-

309 3125 378 3201 λαι,
401 3121 570 3195 διακοσίας
585 3118 763 3204 τριάιιοντα
773 3116 863 3185 έπτά
897 3121 951 3185 καί
962 3125 1007 3206 τῷ
1019 3117 1081 3204 μὲν
1095 3119 1262 3203 Τιμοσθέ-

309 3236 359 3278 νει
375 3237 474 3300 τιμηυ
490 3212 640 3282 ἀπέδωκε
655 3222 723 3283 τῶν
739 3223 884 3302 φιαλῶν,
906 3220 1027 3285 τούτου
1043 3214 1073 3284 6’
1083 3217 1260 3340 ἐχράψριτο

308 3306 400 3396 αύτῷ
421 3309 613 3399 ὀφείλοντα,
638 3313 721 3399 πρὸς
742 3311 779 3382 τὸ
799 3312 882 3383 ἀλλο
898 3342 1000 3402 χρεως
1016 3343 1034 3384 ο
1054 3307 1152 3395 οὗτος
1167 3314 1262 3409 αύτῷ

205 3414 208 3421 “
267 3375 467 3493 ςοάφέιλεν,
490 3407 656 3480 ὅάπέτισε
671 3418 718 3500 τῷ
735 3415 932 3498 Τιμοσθένει
947 3423 1015 3483 τῶν
1031 3423 1170 3501 φιαλῶν.
1203 3417 1260 3484 καί
1295 3444 1304 3453 ·

309 3506 563 3575 ταύταπάυθ’
542 3535 594 3577 οτι
605 3509 716 3596 ἀληθῆ
728 3512 824 3596 λέγω,
836 3512 965 3580 τούτων
974 3511 1260 3601 ύμῖνάναχνύσε-
1289 3546 1295 3555 ’

308 3629 361 3670 ται
377 3600 436 3681 τάς
446 3614 641 3726 μαρτυρίας,
665 3617 799 3696 πρῶτον
810 3609 949 3697 μέντάυ
960 3612 1133 3680 δόντων
1100 3639 1137 3682 το
1149 3611 1259 3697 ἀργύ-

310 3727 423 3789 ριον,ο
405 3695 507 3781 οἷς
463 3728 561 3784 ουτος
571 3707 783 3795 ἐαέλευσευ,’
765 3706 831 3776 απὸ
843 3716 901 3796 τῆς
910 3713 1065 3796 τραπέζης
1075 3711 1132 3778 καὶ
1140 3712 1259 3782 ἐπιπα-
