3159 4409
609 490 921 591 Ep‘smxox.
1088 544 1091 550 ·
1179 530 1244 599 ³27

293 689 508 762 ἀτοπώτατόν
523 691 598 758 ἐστι·
611 692 733 775 ζηλούν
752 688 814 773 μὲν
831 689 911 766 τούς
934 694 1107 769 πλείστους
1124 701 1244 777 φίλους

292 796 348 862 καὶ
357 788 591 880 βεβαιοτάτους
602 793 750 874 ἔχοντας,
768 784 1021 873 ἀποδοκιμάζειν
1031 787 1154 868 δετούς
1164 794 1242 877 ἐρα-

294 889 389 976 στάς,
408 886 456 969 οἷς
466 888 573 978 μόνον
586 893 673 956 ίδιον
683 891 762 965 ἔθος
773 883 834 971 ούχ
844 883 984 970 άπασιν,
1009 884 1242 968 ἀλλάτοῑςκα-

268 997 363 1068 ελοίς
380 990 435 1056 καλ
452 987 625 1073 σύφροσιν
642 991 849 1053 οἰκειοῦσθαι
866 989 1023 1071 πέφυκεν.
1057 991 1105 1054 έτι
1123 989 1158 1055 δὲ
1173 1001 1241 1068 τοῖς

294 1090 355 1173 μὲν
375 1091 538 1173 μηδεμίαν
559 1108 611 1151 πω
637 1088 795 1169 τοιαύτην
822 1090 937 1169 φιλίαν
957 1085 1111 1169 ἑορακόσι
1131 1093 1241 1166 καλῶς

294 1183 485 1277 ἀποβᾶσαν,
501 1179 525 1271 ή
541 1181 671 1269 σφόδρα
686 1183 931 1267 κατεγνωκόσιν
948 1180 1061 1251 αύτύν
1072 1180 1187 1262 ὡςούκ
1198 1179 1257 1251 ἀν·

294 1288 472 1370 δυνηθεῖεν
480 1281 665 1368 σωφρόνως
674 1290 741 1360 ’τοῖς
752 1280 1009 1368 ἐντυγχάνουσιν
1019 1278 1154 1368 ὁμιλεῖν,
1163 1291 1241 1362 ίσως

285 1379 355 1450 ὀύκ
367 1381 490 1469 άλογον
500 1381 624 1469 ταύτην
639 1384 724 1466 ἔχειν
740 1377 800 1466 τήν
818 1381 983 1446 διάνοιαν·
1006 1393 1074 1458 τοῖς
1084 1377 1115 1447 δ’
1129 1398 1239 1464 ωσπερ

252 1498 255 1506 ·
294 1481 337 1548 σύ
347 1484 580 1567 διακειμένοις,
598 1480 653 1547 καὶ
663 1479 746 1566 μήτε
756 1476 965 1545 παντάπασιν
977 1473 1131 1563 ἀνηκόοις
1142 1469 1240 1547 ούσιν

293 1576 369 1645 ὅσαι
386 1576 426 1665 δή
444 1579 548 1665 χρεῖαι
564 1576 602 1646 δι’
617 1583 736 1661 ἔρωτος
746 1578 848 1662 χωρὶς
860 1575 1016 1662 αἰσχύνης
1032 1573 1237 1661 ηὐξήθησαν,

293 1679 348 1743 καὶ
358 1673 438 1762 μετὰ
455 1683 513 1763 τής
529 1674 762 1763 ἀκριβεστάτης
779 1672 949 1762 εὐλαβείας
966 1672 1028 1742 τόν
1041 1673 1144 1742 ἀλλον
1157 1674 1237 1759 χρό-
1246 1697 1314 1751 14ο3

293 1799 356 1841 νον
366 1772 578 1861 βεβιωκόσιν,
601 1771 677 1841 οὐδ’
690 1771 839 1855 ἀτονίαν
849 1779 933 1859 ἔχειν
948 1771 1088 1859 εύλογον
1098 1769 1142 1851 εἱς
1152 1771 1236 1840 ἀντι

266 1871 607 1958 σπράξειαναίσχρόν.
637 1870 687 1940 διὸ
700 1868 740 1959 δή
751 1874 943 1959 καὶμᾶλλον
954 1871 1105 1958 ἐπήρθην
1116 1877 1236 1938 τοῦτον

292 1962 418 2056 γράψαι
433 1967 493 2036 τόν
508 1969 626 2055 λόγον,
648 1967 833 2057 ἡγούμενος
849 1974 946 2039 δυοῖν
960 1983 1033 2039 τολν
1047 1974 1237 2038 καλλίστοιν

291 2063 333 2134 ού
345 2060 634 2153 διαμαρτήσεσθαι.
658 2067 697 2136 τά
709 2069 770 2154 μέν
784 2068 849 2154 γάρ
859 2067 1050 2155 ὑπάρχοντά
1061 2087 1114 2136 σοι
1124 2064 1235 2153 ἀγαθά

292 2162 520 2252 διελθύνάμα
535 2169 575 2233 σε’
588 2192 623 2234 τε
641 2164 784 2253 ζηλωτόν
794 2169 849 2234 καὶ
865 2164 1010 2252 ἐμαυτόν
1020 2163 1081 2233 ούκ
1092 2163 1235 2252 ἀνόητον

292 2264 462 2344 ἐπιδείξειν
479 2266 612 2349 ἐλπίζω,
639 2272 714 2331 ελσε
730 2270 884 2331 τοιούτου
899 2263 978 2331 ὄντα
997 2262 1128 2348 ἀγαπῶ·
1149 2286 1235 2350 συμ-

291 2362 474 2446 βουλεύσας
492 2360 523 2430 δ’
546 2359 567 2428 ἀ
582 2361 722 2447 μάλιστα
738 2367 936 2445 κατεπείγει,
958 2366 1077 2445 νομιζω
1098 2367 1156 2444 τῆς
1174 2361 1235 2446 μὲν

290 2455 422 2539 εὐνοίας
438 2468 495 2545 τῆς
512 2462 590 2546 ἐμής
608 2463 739 2543 δείγμα,
762 2462 820 2543 τής
831 2460 866 2525 δὲ
876 2463 990 2541 κοινής
1000 2462 1109 2541 φιλίας
1126 2454 1235 2541 ἀφορ-

262 2576 279 2632 7
289 2554 355 2643 μήν
371 2555 570 2644 ἀμφοτέροις
586 2561 748 2625 είσοίσειν.
784 2560 891 2623 καίτοι
910 2553 940 2642 μ’
959 2551 1001 2623 ού
1022 2556 1164 2640 λέληθεν
1184 2553 1235 2621 ὅτι

288 2653 434 2741 χαλεπόν
451 2658 513 2742 μέν
522 2659 590 2723 ἐστι
606 2656 661 2724 καὶ
680 2652 742 2741 τήν
753 2650 932 2740 σήνφύσιν
944 2650 1041 2733 ἀξίως
1049 2658 1118 2720 τοῖν
1126 2648 1235 2738 ύπαρ-

287 2752 414 2837 γόντων
434 2757 594 2840 διελθεῖν,
615 2759 661 2821 ἔτι
680 2755 716 2821 δὲ
734 2751 1022 2838 ἐπικινδυνότερον
1032 2753 1068 2820 τὸ
1086 2758 1235 2838 συμβου-

288 2849 398 2917 λεύειν
417 2854 577 2936 μέλλοντα
595 2849 697 2918 αὑτὸν
713 2848 911 2920 ὑπεύθυνον
929 2858 978 2942 τῷ
994 2852 1162 2919 πεισθέντι
1172 2874 1234 2916 xu-

288 2953 452 3032 ταστήσαι.
494 2948 577 3018 ἀλλά
600 2955 719 3037 νομίζω
741 2965 810 3031 τοῖς
829 2955 890 3038 μὲν
912 2955 1044 3029 δικαίως
1064 2953 1234 3035 ἐγκωμίων

286 3042 488 3128 τυγχάνουσι
505 3051 737 3131 περιγενέσθαι
747 3056 804 3136 τῆς
813 3057 881 3118 τῶν
892 3049 1117 3117 ἐπαινούντων
1128 3045 1234 3115 δυνά-

286 3167 373 3229 μεως
398 3143 577 3230 προσήκειν
604 3152 646 3234 τῇ
667 3155 725 3235 τής
741 3146 900 3235 ἀληθείας
915 3145 1100 3233 ὑπερβολή,
1121 3152 1178 3231 τῆς
1196 3144 1233 3212 δὲ

287 3247 479 3330 συμβουλῆς
496 3240 537 3309 ού
554 3244 849 3332 διαμαρτήσεσθαι,
873 3240 1033 3321 συνειδώς
1043 3240 1094 3310 ὅτι
1106 3240 1160 3310 διά
1169 3244 1232 3329 μὲν

285 3335 439 3424 ἀνοήτων
457 3340 512 3406 καί
536 3348 706 3421 παντελεῖς
725 3340 779 3410 ὑπ’
799 3341 958 3425 ἀκρασίας
978 3343 1231 3426 διεφθαρμένων

284 3432 363 3504 οὐδὲ
372 3443 440 3505 των
450 3434 527 3505 καθ’
539 3436 732 3527 ὑπερβολήν
743 3439 857 3522 ὀρθῶς
866 3442 1122 3525 βουλευθέντων
1131 3437 1231 3508 οὐδὲν
1305 3512 1309 3518 ,

283 3527 328 3599 ἀν
338 3543 445 3628 καλούς
455 3537 655 3626 ἐξενεχθείη,
673 3537 725 3605 διὰ
737 3539 773 3605 δὲ
783 3544 851 3605 τοῖν
861 3537 1045 3624 σωφρόνως
1054 3540 1108 3606 καὶ
1121 3548 1232 3606 καθα-

283 3638 350 3712 ροῖς
367 3637 425 3718 ζήν
441 3638 649 3722 αίρουμένων
666 3633 745 3704 ούδὲ
760 3636 802 3703 τά
818 3643 956 3721 μετρίως
966 3639 1147 3724 ἐσκεμμένα
1157 3639 1229 3702 δια-

254 3730 678 3821 8μαρτάνεσθαιπέφυκεν.
707 3731 765 3812 τάς
774 3734 837 3820 μὲν
846 3726 911 3801 ούν
922 3736 1055 3814 ἐλπίδας
1065 3741 1150 3819 ἔχων
1159 3758 1229 3802 τοι·
