3159 4409
520 498 660 560 11?on
684 497 985 560 ΛΕΩΧΑΡΗΝ.
1188 500 1230 564 59
1332 443 1336 451 Ι

279 661 570 746 ἐπανεληλυθέναι,
583 654 601 725 ὁ
615 655 646 724 δ’
659 660 928 744 ἐγκαταλειφθεὶς
938 669 1121 739 τελευταῖος
1131 659 1229 740 άπαις

278 756 523 844 τετελεύτηκεν;
544 752 671 823 οὐκοῦν
688 754 815 842 ἀνάγκη
828 755 887 824 τόν
898 757 991 826 οίκον
1002 763 1124 844 ἔρημον
1134 758 1225 826 εἶναι.

279 856 378 926 ὁπότε
395 862 414 924 δ
423 858 431 882 ’
446 855 565 942 ἔρημός
580 856 668 922 ἐστιν
679 851 697 923 δ
708 853 798 933 οἶκος
804 906 814 939 ,
839 854 901 923 οὐκ
913 853 956 924 άν
967 863 1172 943 είησαννίεῑς
1182 864 1228 925 ἔτι
1249 863 1254 870 ’

278 962 392 1046 ἐκείνην
410 954 546 1040 γνήσιοι.
584 951 697 1020 οὑτοσί
713 959 830 1021 τοίνυν
847 957 1130 1044 διαμεμαρτύρηκε
1150 954 1227 1034 τοὺς
1237 969 1303 1024 1095

279 1051 341 1122 οὐκ
353 1052 452 1131 ὄντας
462 1051 561 1134 εἶναι,
580 1053 635 1118 καὶ
647 1055 814 1139 γέγραφεν
824 1056 862 1120 ἐν
871 1062 911 1141 τῇ
922 1060 1140 1143 διαμαρτυρίᾳ
1147 1053 1230 1125 ,“όν-

234 1151 365 1223 49“των
385 1148 546 1235 παίδων,”
566 1151 625 1218 ἕνα
647 1151 786 1236 φάσκων
807 1149 911 1235 αὑτὸν
933 1153 1025 1222 εἶναι.
1059 1154 1142 1224 άλλά
1163 1153 1229 1240 μην
1252 1193 1255 1198 -
1277 1150 1298 1217 ‘s

277 1257 423 1338 γνησίων
434 1249 460 1336 γ’
471 1249 554 1324 ,ὅταν
564 1253 643 1337 λίγη
653 1252 708 1318 καὶ
719 1258 842 1335 κυρίως
852 1250 934 1319 κατά
945 1253 1228 1340 τὸνθεσμὸν,·πα-

277 1351 475 1435 ρακρούεται
496 1346 585 1434 παρά
606 1343 685 1428 τούς
706 1349 840 1435 νόμους.
872 1352 910 1417 τὸ
932 1352 993 1437 μὲν
1008 1350 1072 1436 γάρ
1088 1351 1228 1438 γνήσιόν

278 1454 383 1536 ἐστιν,
405 1447 486 1516 ὅταν
503 1440 625 1536 ᾖγόνφ
637 1447 798 1532 γεγονός·
820 1446 903 1515 καὶὸ
916 1449 1019 1534 νόμος
1028 1456 1131 1516 ταῦτα
1139 1475 1228 1535 μαρ-

277 1563 373 1633 τυρεῐ
385 1552 507 1632 λέγων,
530 1543 573 1632 ἣν
590 1542 634 1612 όν
644 1546 789 1633 ἐγγυήσῃ
802 1543 909 1631 πατὴρ
920 1541 942 1631 ἦ
953 1543 1096 1632 άδελφδς
1105 1544 1128 1633 ἢ
1137 1549 1227 1614 πάπ-

277 1672 355 1732 πος,
379 1649 414 1713 ἐκ
430 1645 550 1730 ταύτης
569 1642 652 1711 εἶναι
668 1648 785 1721 παῖδας
802 1651 965 1729 γνησίους.
999 1641 1036 1712 τό
1056 1647 1091 1713 δὲ
1104 1652 1230 1729 κυρίως-

277 1744 362 1813 κατά
382 1752 450 1810 τόν
466 1742 631 1829 ποιήσεων
646 1739 664 1809 ὁ
682 1744 864 1829 νομοθέτης
874 1747 1006 1828 ἔλαβεν,
1029 1741 1224 1829 ὑπολαμβά-

278 1870 350 1911 νων
367 1846 453 1926 δεῖν,
477 1839 558 1908 όταν
572 1867 620 1919 τις
637 1837 685 1908 οίν
701 1841 799 1920 δίπαις
814 1843 869 1909 καὶ
885 1842 999 1926 κύριος
1015 1850 1083 1910 τοῖν
1103 1844 1223 1911 ἑαυτοῦ

279 1940 454 2027 ποιήσηται
464 1938 551 2022 υίόν,
562 1945 665 2006 ταῦτα
676 1939 776 2024 κάρια
786 1939 878 2008 εἶναι.
902 1933 999 2019 οὗτος
1009 1948 1123 2009 τοίνυν
1133 1941 1222 2030 γόνῳ

279 2041 340 2126 μὲν
352 2038 474 2107 οὐδένα
486 2037 748 2125 φησὶνἈρχιάδη
759 2043 918 2124 γενέσθαι
928 2039 1020 2126 υίὸν,
1044 2043 1225 2126 διαμεμαρ-

279 2139 416 2224 τύρηται
428 2138 462 2206 δὲ
472 2143 617 2223 γνησίων
631 2135 753 2224 ὅντων,
769 2142 921 2206 ἐναντίαν
931 2145 979 2227 τῷ
989 2138 1153 2223 πράγματι
1162 2135 1225 2223 την

235 2255 271 2306 50
281 2242 519 2323 διαμαρτυρίαν
536 2236 763 2323 ποιησάμενος.
798 2234 931 2323 ποιητὸς
948 2235 980 2304 δ’
992 2235 1164 2322 ὁμολογῶν
1177 2233 1224 2303 εί·-

279 2363 335 2403 ναι
352 2341 503 2422 φαίνεται
519 2333 580 2402 οὐκ
598 2337 798 2420 εἰσποιηθεὶς
811 2333 877 2401 ὑπό
888 2342 949 2401 τοῦ
959 2334 1225 2417 τετελευτηκότος

280 2431 400 2518 αὐτοῦ,
425 2427 509 2500 όίστε
527 2439 597 2509 πως
617 2438 663 2499 ἔτι
680 2452 733 2498 σοι
744 2432 843 2517 κύρια
854 2429 946 2498 ταῦτ’
960 2427 1003 2497 άν
1014 2440 1062 2513 είη
1073 2430 1155 2496 κατά
1166 2428 1226 2496 τόν

278 2532 424 2618 θεσμόνς
441 2531 492 2599 ὅτι
503 2529 544 2616 νη
556 2527 613 2596 Δί’
627 2532 840 2614 ἐγγέγραπται
847 2526 996 2615 Ἀρχιάδη
1007 2526 1088 2604 υἱός.
1111 2523 1176 2593 ὑπό
1186 2552 1225 2611 γε

278 2633 418 2699 τουτωνὶ
430 2628 545 2716 τροίην
557 2629 781 2716 βιασαμένων,
800 2626 863 2714 ἤδη
875 2634 933 2712 τῆς
943 2635 1004 2694 τοῦ
1013 2626 1141 2711 κλήρου
1152 2629 1226 2692 δια-

279 2733 428 2806 δικασίας
444 2731 666 2813 ἐνεστηκυίας*
688 2723 729 2793 οὐ
747 2723 786 2811 δη
805 2725 935 2793 δίκαιόν
951 2729 1038 2793 ἐστιν
1054 2728 1092 2793 ἐν
1105 2750 1226 2809 τεκμη-

236 2851 268 2903 51
280 2834 355 2914 ρίου
365 2828 456 2912 με’ρει
467 2834 634 2893 ποιεῖσθαι
644 2821 815 2911 τάδίκημα.
844 2827 900 2892 καὶ
910 2822 973 2909 γάρ
986 2828 1090 2893 ἐκεῖνο
1101 2830 1171 2901 πῶς
1183 2819 1225 2888 οὐ

257 2981 258 2984 .
280 2927 392 2995 δεινόν
409 2928 514 3007 ἐστιν,
537 2917 700 3009 ὦάνδρες
718 2925 882 3009 δικασταὶ,
904 2925 957 2990 ἐπὶ
972 2923 1033 3009 μὲν
1049 2930 1111 2990 τοῦ
1121 2919 1227 3012 λόγουΙ
1300 2997 1306 3000 ,

278 3024 397 3092 αὐτίκα
413 3021 500 3108 μάλα
517 3022 659 3108 φάσκειν
670 3019 808 3108 ποιητὸν
819 3020 918 3104 εἶναι,
939 3024 977 3088 ἐν
988 3021 1073 3107 δὲτῇ
1084 3024 1225 3104 διαμαρ-

277 3130 375 3210 τυρίᾳ
385 3129 484 3191 τοῦτο
496 3122 541 3206 μὴ
552 3122 710 3205 τολμῆσαι
718 3119 852 3206 γράψαι,
860 3116 944 3187 άλλά
955 3115 994 3184 τὰ
1005 3119 1066 3202 μὲν
1076 3121 1113 3184 ἐν
1122 3116 1238 3204 ταύτη-

278 3221 607 3307 διαμεμαρτυρημένα
626 3217 709 3286 εἶναι
726 3217 769 3298 ὡς
784 3217 868 3302 ὑπὲρ
885 3223 963 3286 νίοῦ
979 3216 1068 3304 γόνῳ
1085 3215 1225 3301 γεγονό-

277 3346 350 3405 τος,
368 3317 408 3387 τά
421 3316 451 3385 δ’
466 3315 582 3384 αὐτίκα
592 3318 681 3403 μάλα
695 3319 909 3405 ῥηθησόμενα
921 3314 964 3393 άς
975 3320 1179 3399 είσποιητοῦς
1195 3320 1226 3382 εί

278 3419 314 3487 δὲ
331 3415 395 3504 τὴν
411 3414 592 3500 ἀπολογίαν
609 3421 762 3486 ἐναντίαν
777 3426 818 3503 τη
835 3420 1052 3503 διαμαρτυρίᾳ
1067 3414 1225 3500 ποιήσον-

277 3543 347 3600 ται,
370 3524 439 3594 παῖς
456 3514 519 3583 οὐκ
530 3510 552 3600 ἢ
563 3513 733 3600 τὸνλόγον
744 3513 872 3600 άνάγκη
883 3510 976 3600 ἢτὴν
988 3517 1225 3600 διαμαρτυρίαν

277 3620 384 3701 ψευδῆ
403 3614 503 3696 εἷναις
525 3614 657 3694 εἰκότως
674 3612 706 3681 δ’
724 3611 766 3681 οὐ
775 3615 1011 3699 προσέγραψαν
1019 3609 1080 3698 την
1092 3618 1226 3694 ποίησιν

275 3722 318 3800 τῇ
336 3718 561 3802 διαμαρτυρίᾳ.
597 3718 662 3781 ἔδει
679 3710 742 3797 γάρ
758 3710 918 3796 ἐγγράψαι
930 3706 1225 3790 αὐτοὺςέίσποιη-
1235 3725 1301 3781 1096
