3159 4409
239 456 247 462 ·
372 508 501 571 ΚΑΤΑ
521 504 671 569 ΕλἛΡΓ.
693 503 779 566 ΚΑΙ
799 502 997 564 ΜΝΗΣΙΒ.
1018 503 1153 565 ww.
1195 503 1239 567 99

260 693 348 753 5ρας
359 669 587 752 παρασχέσθαι
603 660 760 751 ἢαύτούς
777 662 932 742 τούτους·
954 662 1029 744 ἐξόν
1045 663 1109 750 γάρ
1127 661 1238 744 αὐτοῖς
1294 743 1297 747 ,

281 765 499 859 ἀπηλλάχθαι
515 764 717 852 πραγμάτων
728 765 783 829 καὶ
798 760 843 848 μὴ
855 762 1066 830 κινδυνεύειν
1076 764 1237 843 εἰσιόντας

289 863 448 952 είςύμάς,
469 869 553 953 ἔργα
565 859 847 949 βεβαιώσαντας
822 888 867 941 ως
878 859 1009 982 άληθής
1018 861 1139 950 ἐστινὴ
1151 890 1238 950 μαρ-

287 972 395 1052 τυρία,
409 963 471 1031 ούκ
481 961 666 1049 ἠθελήκασι
677 959 933 1046 παραδουναι
896 987 958 1048 την
975 960 1217 1046 ἄνθρωπον,
1194 990 1238 1048 ην
1302 984 1305 992 ’

287 1061 555 1151 μεμαρτυρήκασι
567 1063 840 1145 προκαλέσασθαι
856 1059 981 1152 πρός
949 1088 995 1129 τω
983 1066 1154 1149 διαιτητῇ
1165 1068 1239 1129 Πυ-

287 1162 431 1252 θοδάρφ
443 1164 479 1229 ἐκ
490 1165 614 1248 Κηδῶν
624 1160 880 1245 παραδιδόναι”
862 1185 994 1246 ετοιμου
1011 1160 1095 1228 εἶναι
1106 1163 1240 1246 Θεόφη-

287 1287 368 1348 μον,
390 1257 590 1347 ι’γξίουνδΗ
573 1286 636 1345 εγω
655 1259 943 1346 παραλαμβάνειν,
967 1256 1063 1338 άςοί
1077 1261 1242 1347 μάρτυρες

287 1359 367 1446 ὑμῖν
377 1363 412 1426 oc
420 1359 493 1426 τότε
504 1359 769 1445 παραγενόμενοι
780 1358 1013 1445 ἐμαρτύρησαν
1029 1361 1067 1426 ἐν
1083 1367 1129 1449 τῷ
1147 1363 1241 1426 δικα-
1286 1355 1288 1360 ’

287 1463 420 1545 στηρίῳ,
437 1460 493 1525 καὶ
509 1463 575 1525 νῦν
587 1459 622 1524 δὲ
633 1457 891 1542 μαρτυρήσουσι.
921 1458 975 1524 καὶ
987 1457 1163 1542 Θεόφημος
1177 1455 1241 1526 αύε

286 1571 354 1634 τοῖς
366 1553 410 1633 ός
421 1553 533 1642 άληθῆ
545 1555 837 1640 μεμαρτυρηκόσιν
850 1550 914 1621 ούκ
924 1553 1149 1642 ἐπεσκήψατο,
1161 1551 1238 1623 οὐδ’
1326 1547 1329 1551 ’

260 1657 490 1740 σέπεξέρχεται
504 1661 572 1720 τῶν
589 1656 896 1737 ψευδομαρτυριῶν.
918 1656 1037 1738 σχεδόν
1048 1656 1110 1740 μέν
1126 1646 1238 1733 σύνει

288 1756 344 1823 καὶ
357 1750 456 1820 αύτοί
462 1778 519 1838 μοι
531 1748 753 1837 ὁμολογοῦσιν
769 1754 808 1819 έν
823 1759 865 1839 τῇ
881 1759 1046 1841 μαρτυρίᾳ
1057 1756 1187 1822 ἐθέλειν
1196 1779 1237 1839 με

286 1851 562 1938 παραλαμβάνειν
571 1848 636 1938 τὴν
644 1850 838 1938 άνθρωπον,
847 1851 1030 1938 ’Θεόφημον
1042 1852 1078 1919 δέ
1089 1849 1237 1939 άναβάλ-

287 1960 406 2021 λεσθαι
423 1951 589 2037 κελεύειν,
609 1951 704 2044 ἐμὲδ
685 1949 801 2019 δὲούκ
818 1949 956 2029 ἐθέλειν.
988 1948 1032 2038 ἣν
1048 1948 1079 2018 δ’
1093 1950 1156 2036 ἐγώ
1175 1951 1236 2038 μὲν

284 2048 410 2137 ἠξίωσα
427 2051 716 2137 παραλαμβάνειν,
740 2050 916 2138 Θεόφημος
932 2050 967 2119 δέ
986 2049 1235 2135 προύκαλέσατο

286 2145 533 2235 παραδοῦναι,’
514 2175 557 2228 αις
567 2141 662 2219 ούτοι
672 2171 808 2237 φασι,το
798 2148 858 2218 δε
869 2172 963 2236 σωμα
975 2148 1084 2228 οὐδεὶς
1094 2150 1160 2219 είδε
1171 2173 1235 2216 πα·
1245 2170 1309 2226 1141

287 2245 360 2332 ρὸν,
369 2245 449 2315 οὔτε
461 2249 534 2316 τότε
545 2250 672 2338 πρὸς
640 2275 686 2316 τοι
672 2248 891 2341 διαιτητῇ’
856 2249 933 2316 ούτε
944 2248 1086 2335 ὕστερον
1096 2248 1219 2334 πρός
1188 2274 1233 2315 τω

286 2349 503 2435 δικαστηρίῳ,
536 2346 602 2415 οὔτ’
626 2347 747 2416 ἄλλοθι
776 2346 929 2468 οὐδαμοῦ
957 2346 1233 2432 παραδιδόμενον,

287 2447 562 2533 ἐμαρτύρησαν’
529 2471 560 2514 οι
570 2446 735 2532 μάρτυρες
747 2438 840 2513 οὗτοι
853 2443 896 2523 ὡς
907 2447 1017 2512 ἐθέλοι
1028 2447 1235 2527 παραδοῦναι

259 2560 275 2617 7
288 2546 463 2632 Θεόφημος
473 2547 529 2613 καὶ
540 2545 725 2633 πρόκλησιν
741 2551 954 2630 προκαλοῖτο·
978 2539 1139 2633 ᾠήθησαν
1154 2541 1189 2610 δὲ
1202 2545 1237 2609 οί

286 2647 436 2713 δικασταὶ
454 2643 566 2731 ἀληθῆ
579 2643 663 2712 εἶναι
679 2641 742 2730 τὴν
758 2649 960 2730 μαρτυρίαν,
984 2638 1122 2727 φεύγειν
1133 2639 1166 2706 δ’
1177 2639 1234 2725 ἐμὲ

284 2743 346 2811 τὸν
357 2750 490 2832 ἔλεγχον
501 2750 537 2813 ἐκ
547 2753 606 2832 τῆς
616 2743 804 2830 άνθροίπου
814 2745 889 2828 περὶ
899 2751 958 2830 τῆς
975 2749 1097 2826 αἰκίας,
1115 2738 1234 2810 ὁπότε-

285 2868 344 2927 ρος
354 2840 449 2929 ἡμῶν
465 2837 542 2930 ἦρξε
560 2851 682 2931 χειρῶν
699 2843 838 2913 άδίκιου·
860 2852 959 2912 τοῦτο
970 2843 1036 2929 γάρ
1047 2846 1137 2911 ἐστιν
1149 2838 1169 2927 ἡ
1182 2845 1235 2908 αλ»

274 2939 349 3010 ’κία
377 2951 447 3020 πῶς
464 2935 526 3009 ούν
543 2942 606 3010 ούκ
624 2941 808 3028 ἀναγκαῖόν
825 2946 893 3011 ἐστι
910 2942 1049 3022 τούτους
1058 2939 1137 3020 τούς
1147 2939 1234 3027 μάρ-

284 3066 388 3126 τυρας
402 3037 442 3108 τά
459 3045 566 3127 ψευδῆ
584 3045 888 3130 μεμαρτυρηκέναι,
911 3046 945 3109 οἵ
958 3066 996 3126 γε
1015 3038 1093 3107 οὐδὲ
1104 3047 1232 3106 νύνποο

284 3147 429 3225 τολμῶσι
447 3138 483 3206 τό
502 3149 597 3233 σῶμα
613 3151 671 3228 τῆς
690 3141 878 3229 άνθράπου
895 3143 1119 3227 παραδοῦναι,
1141 3138 1239 3205 καθά,

284 3243 415 3321 ἔφασαν
425 3243 694 3321 προκαλέσασθαι
710 3239 770 3309 τόν
782 3241 962 3326 Θεόφημον
978 3239 1032 3305 καὶ
1049 3236 1234 3324 ἐμαρτύρη-

284 3356 348 3402 σαν
360 3334 465 3425 αύτῷ,
488 3340 542 3404 καὶ
553 3337 615 3425 τὴν
628 3339 691 3459 μὲν
705 3342 892 3460 μαρτυρίαν
903 3345 988 3427 ἔργῳ
999 3343 1178 3423 βεβαιῶσαι
1189 3335 1234 3414 ός

243 3433 440 3520 ,8άληθής’
424 3455 501 3521 εστι,
513 3439 568 3503 καὶ
578 3436 657 3516 τούς
667 3438 837 3524 μάρτυρας
852 3435 1060 3521 άπηλλάχθαι
1070 3443 1132 3502 τοῦ
1142 3430 1233 3556 άγῶ-
1298 3428 1302 3434 ’

284 3559 359 3616 νος,
378 3534 638 3617 παραδόντος
603 3562 640 3604 το
654 3545 748 3623 σωμα
759 3544 817 3631 τῆς
828 3533 1030 3619 ἀνθρώπου,
1047 3560 1109 3619 την
1123 3531 1191 3600 δ
1169 3559 1232 3598 αν-

283 3641 427 3717 θρωπον
437 3635 511 3717 περι
521 3660 579 3719 της
589 3641 695 3714 αἰκίας
711 3640 962 3722 βασανιζεσθαι,
980 3631 1030 3717 ἐφ’
1042 3659 1063 3720 η
1052 3624 1139 3717 ἐγω
1152 3625 1232 3695 διιό-

283 3756 334 3798 κσι
346 3730 470 3819 δίκη
437 3758 497 3800 τον
509 3734 705 3820 Θεόφημον,
720 3734 832 3819 ἐπειδὴ
849 3731 922 3801 τότε
939 3727 981 3798 ού
998 3732 1155 3883 παμέσχε,
1177 3731 1232 3794 καὶ
