3159 4409
297 476 361 557 402
545 473 989 554 [Διιιιοεοιιωουε]

299 652 395 722 οινεῖ,
413 638 467 704 καὶ
478 639 613 720 νομίζω,
631 641 747 718 καίπερ
758 630 858 700 οὐδὲν
869 638 1043 719 μετέχοντα
1053 642 1114 701 τοῦ
1125 633 1241 717 αἰσχύ-

299 745 428 820 νεσθαι,
441 731 657 819 μετριωτερον
668 727 770 798 αὑτὸν
780 729 943 814 ποιήσειν·
963 728 1042 816 ὑμίν
1052 731 1088 799 δὲ
1098 737 1159 798 τοῦ
1170 756 1241 797 κοι-

299 844 343 923 νῇ
360 834 587 918 συμφέροντος
608 831 704 896 ἕνεκα
724 827 887 914 βούλομαι
906 826 950 895 δι’
973 832 1160 913 ἐπιστολῆς,
1182 825 1240 906 οὓς

299 934 372 1016 περὶ
382 929 509 997 τούτων
519 933 580 1013 ἐχω
591 926 726 1011 λόγους,
743 931 896 1011 δηλῶσαι.
928 923 975 1004 οἱς
985 926 1076 994 πάνυ
1086 923 1146 1005 τὸν
1156 933 1242 992 νοῦν

300 1031 512 1115 προσέχοντες
529 1024 704 1101 άιιοὺσατε·
739 1022 830 1109 οἶμαι
851 1022 917 1109 γάρ,
932 1021 1054 1110 αὑτοὺς
1065 1021 1253 1108 οὑκάιιοης

300 1127 404 1215 μόνον
411 1174 420 1209 ,
434 1121 516 1192 άλλά
527 1125 581 1190 καὶ
592 1122 721 1207 μνήμης
731 1119 840 1202 άξίους
852 1120 943 1188 εἶναι.

271 1250 289 1302 3
377 1217 1116 1309 Ἐγώτηνπόλιντηνὺμετέρανεὺτυχεστάτην
1125 1228 1242 1286 πασῶν

299 1323 429 1392 πόλεων
450 1318 673 1406 ὑπολαμβάνω
689 1320 744 1413 καί
760 1319 1037 1405 θεοφιλεστάτην,
1064 1320 1121 1386 καὶ
1133 1325 1302 1401 ταῦταιλδλ

233 1449 235 1452 ’
298 1421 371 1489 οἰδα
388 1423 442 1488 καὶ
458 1418 517 1487 τόν
528 1424 594 1486 Δία
609 1415 669 1484 τόν
680 1421 884 1488 Δωδωναῖον
900 1415 1177 1502 καὶτήνΔισίνην
1186 1417 1240 1484 καὶ

296 1519 509 1588 τὺυἈπόλλω
525 1515 585 1585 τὸν
593 1515 728 1609 Πύθιον
745 1513 795 1582 άεί
812 1518 964 1599 λέγοντας
979 1517 1016 1581 ἐν
1027 1528 1096 1591 ταῖς
1106 1520 1241 1598 μαντεί-

253 1649 258 1665 α
297 1645 365 1705 αις,
382 1619 437 1685 καὶ
448 1607 864 1702 προσεπισφραγιζομένους
873 1613 934 1698 τὴν
945 1612 1077 1697 άγαθην
1088 1613 1193 1698 τύχην
1203 1615 1240 1680 ἐν

296 1724 337 1802 τῇ
355 1716 446 1782 πόλει
464 1715 547 1782 εἶναι
557 1711 635 1799 παρ’
647 1711 734 1799 ὑμῖν.
768 1709 830 1778 ὅσα
840 1718 954 1778 τοίνυν
964 1713 1037 1796 περὶ
1048 1717 1115 1776 τοία
1126 1709 1242 1794 ἐπιόν-

298 1840 365 1880 των
381 1816 590 1897 ὑηλοῦσινοί
576 1812 692 1896 ί,θεολ
714 1807 857 1895 ὑηλον
834 1834 877 1887 ως
897 1811 1107 1892 προλέγουσι
1131 1804 1239 1884 τάςὺ’

296 1907 359 1975 άπὸ
376 1916 443 1975 τῶν
456 1909 737 1992 προεληλυθότων
746 1915 978 2070 προσηγορίας
987 1908 1039 1974 ἐπὶ
1051 1921 1124 1990 ταῖς
1133 1931 1247 1992 γεγο-,

267 2010 401 2082 4νυίαις
417 2004 552 2088 πράξεσι
569 2012 723 2072 τίθενται.
756 2001 778 2070 ά
793 2010 907 2070 τοίνυν
923 2003 990 2092 ἐγω
1005 2012 1243 2090 πεπολίτευμαι

295 2099 373 2184 παρ’
386 2098 481 2187 ὑμίν,
499 2100 639 2186 τωυηὺη
650 2126 877 2186 γεγενημενων
889 2100 1026 2168 ἐστιν
982 2101 1068 2187 ,ἀφ
1080 2130 1129 2169 ων
1139 2127 1236 2169 ευτυ-

294 2214 358 2286 χεις
374 2196 459 2284 ὑμᾶς
474 2199 778 2286 προσηγορεύκασιν
797 2197 831 2265 οί
838 2204 922 2266 θεοί.
953 2208 1024 2277 πῶς
1035 2193 1098 2267 οὑν
1110 2205 1239 2268 δίκαιον

294 2297 371 2376 τοὺς
383 2297 442 2384 μέν
452 2301 645 2376 πεισθέντας
656 2295 799 2383 εὐτυχεῖς
809 2295 1084 2384 ὀνομάζεσθαι,
1049 2323 1110 2365 τον
1122 2300 1158 2366 ὑὲ
1168 2306 1241 2366 πεί-

297 2417 399 2463 σαντα
410 2403 473 2481 ’τῆς
489 2399 637 2473 ἐναντίας
653 2402 873 2482 προσηγορίας
889 2397 1078 2481 τυγχάνειν;
1100 2395 1190 2484 πλην
1212 2403 1242 2464 εί

296 2494 395 2562 τοῦτό
406 2519 453 2572 τις
463 2502 563 2578 εἴποι,
575 2491 635 2579 την
646 2493 706 2578 μέν
716 2491 833 2579 κοινὴν
845 2491 1013 2579 εὐτυχίαν,
1027 2487 1067 2580 ἧς
1078 2495 1143 2578 ἐγώ
1154 2495 1241 2581 σύμ-

297 2601 430 2680 βουλος,
451 2591 553 2673 θεοὺς
569 2590 646 2670 τοὺς
657 2594 811 2678 λέγοντας
822 2591 919 2678 εἶναι,
937 2587 985 2670 οἷς
995 2591 1037 2659 οὑ
1046 2595 1145 2678 θέμις
1155 2595 1240 2672 ψεύ-

265 2764 268 2776 ,
299 2696 433 2774 ὑεσθαι,
453 2691 515 2774 την
527 2688 557 2757 θ’
572 2692 658 2757 ἰδίαν
668 2694 902 2777 βλασφημίαν,
916 2683 1020 2778 ,εἶναι’
1035 2695 1118 2779 ἐμοῦ
1129 2697 1245 2778 κέχρη-

297 2815 350 2855 ται
371 2791 579 2874 Θηραμένης,
610 2790 744 2872 θρασὺν
765 2791 820 2858 καί
840 2786 958 2875 άναιὺῆ
977 2791 1032 2856 καὶ
1053 2787 1133 2858 οὐδὲ
1154 2797 1242 2876 νοῦν

296 2884 402 2972 ἔχοντ’
415 2886 598 2976 άνθρωπον
608 2892 779 2972 εἰρηκέναι.

269 3013 286 3064 5
381 2982 432 3053 Οὐ
449 2990 563 3052 τοίνυν
579 2983 684 3069 μόνον
699 3000 768 3064 ταῖς
784 2988 872 3071 παρά
888 2993 955 3054 τοῖν
971 2995 1063 3055 θεῦυ
1073 2994 1243 3073 μαντείαις

297 3080 430 3169 άγαθην
446 3074 552 3149 οὖσαν
563 3074 748 3170 εὑρησετεῇ
758 3091 918 3169 κέχρησθε
928 3086 1009 3172 τύχη
1015 3136 1025 3169 ,
1046 3085 1130 3154 άλλά
1141 3090 1244 3167 καὶέξ

296 3177 409 3249 αὑτοῖν
424 3187 492 3247 τῶν
511 3184 617 3265 ἔργων
633 3188 855 3266 θεωροῦντες,
877 3177 919 3249 άν
935 3183 1097 3269 ἐξετάζητε
1114 3182 1241 3268 ὀρθῶς.

296 3275 389 3361 ὑμεῖς
404 3278 468 3364 γάρ
486 3283 515 3346 εί
529 3276 625 3363 μένε
601 3305 645 3356 ως
655 3278 873 3364 αυθρωποι
836 3305 877 3346 τα
887 3281 1059 3367 πράγματα
1070 3282 1241 3367 βούλεσθε

296 3381 447 3492 θεωρεῖν,
460 3373 696 3462 εὑτυχεστάτην
708 3373 860 3465 εὑρησετε
871 3375 925 3462 ὑφ’
938 3405 986 3446 ων
997 3378 1059 3464 ἐγώ
1072 3382 1244 3492 συνεβοά·

295 3470 440 3538 λενσα
406 3498 467 3556 την
478 3474 576 3542 πολιν
584 3490 775 3559 γεγονυιαν
798 3501 813 3542 ε
814 3473 868 3545 ὑ
883 3472 980 3554 ὑτοίς
988 3486 1079 3556 θεοις
1089 3466 1238 3562 ἐξαιρεθ

294 3567 434 3653 ὑπάρχει
444 3570 585 3737 μόνοις,ί
589 3573 716 3643 τούτων
727 3572 878 3657 άξιοίσετε
895 3577 1084 3661 τυγχάνειν,
1107 3575 1240 3644 άῦυνά

268 3689 361 3743 στων
378 3670 520 3752 ἐφίεσθε.
550 3675 585 3737 τί
592 3696 655 3738 ουν
665 3674 733 3762 ἐστι
742 3682 833 3752 θεοῖς
843 3675 1022 3758 ἐξαίρετον,
1043 3671 1240 3758 άνθράποις
