3159 4409
533 489 675 551 ΚΑΤΑ
693 488 962 551 ΚΟΝΩΝΟΣ.
1165 493 1226 556 199

282 675 335 714 του
346 647 546 752 παρεχόμενος.
580 676 595 714 ο
584 649 641 714 δὲ
653 649 786 714 Κόνων’
769 660 899 734 αρνεῖται
917 647 949 714 τὸ
960 659 1079 756 πρᾶγμα
1090 657 1139 718 καί
1150 654 1225 758 μάρ·
1321 665 1325 671 ’

281 759 372 816 τυρας
393 727 624 837 ύντιπαρίχεται,
651 731 700 809 ούς
717 729 952 841 ὃΔημοσθὲνης
959 734 995 798 ού
1011 755 1083 838 φησι
1093 759 1223 840 πιστους
1233 756 1301 808 1256

282 819 454 963 ἕρξηοηηὲναι
473 813 530 901 γάρ
553 817 671 897 φαύλως
698 817 797 880 καδ’
770 825 891 901 ευχερῶς
912 821 987 899 ἔχειν
1007 814 1080 903 πρδς
1100 815 1132 886 τὸ
1152 821 1223 901 ψεύ-

361 1126 559 1214 ’Υβρισθείς,
584 1123 611 1196 ιδ
629 1127 748 1214 ἄνδρες
765 1133 930 1216 δικασταὶ,
954 1135 1009 1200 καί
1025 1130 1146 1199 παθῶν
1159 1129 1224 1205 ύπδ
1285 1202 1287 1208 s

263 1224 266 1229 ’
282 1227 441 1305 Κόνωνος
457 1230 591 1295 τουτουὶ
606 1236 741 1295 τοιαῦτα
765 1228 847 1297 ὥστε
863 1228 970 1298 πολύν
990 1231 1115 1316 χρύυον
1135 1231 1226 1299 πάνυ
1331 1253 1334 1264 ’

245 1336 246 1339 ’
282 1327 363 1411 μήτε
374 1324 451 1404 τούς
470 1333 611 1405 οἰκείους
627 1327 708 1414 μήτε
723 1335 791 1394 τῶν
809 1334 930 1414 ίατροῖν
947 1333 1070 1415 μηδένα
1081 1333 1226 1415 προσδο-

282 1431 347 1491 κᾶυ
357 1425 618 1509 περιφεύξεσθαί
626 1451 682 1510 με,
704 1423 845 1509 ὑγιάνας
864 1431 919 1494 καὶ
931 1426 1226 1513 σωθείςύπροσδο-

208 1557 212 1561 ·
281 1521 389 1608 κη’τως
399 1528 515 1607 ἔλαχον
525 1521 684 1611 αὐτῷτὴν
693 1527 789 1608 δίκην
799 1531 855 1608 της
866 1529 972 1602 αίκίας
982 1532 1126 1610 ταυτηνί.
1140 1527 1226 1594 πάν-

282 1647 351 1687 των
361 1621 395 1687 δὲ
405 1627 472 1687 τῶν
485 1629 591 1704 φίλων
603 1623 657 1688 καὶ
667 1629 735 1713 τοξν
746 1627 893 1706 οἰκείων,
917 1619 966 1702 οἷς
983 1615 1225 1710 συνεβουλευό-

223 1790 228 1798 ,
283 1744 359 1804 μηυ,
372 1724 488 1803 ἔνοχον
500 1719 560 1804 μὲν
577 1719 780 1804 φασκόντων
795 1718 898 1788 αύτδν
914 1723 1028 1789 ἐκτῶν
1038 1725 1225 1808 πεπραγμί-
1253 1760 1258 1768 1

282 1841 354 1882 νων
375 1814 459 1883 εἶναι
478 1820 533 1885 καί
555 1826 595 1905 τῇ
610 1826 676 1885 τῶν
693 1823 894 1886 λωποδυτῶν
911 1817 1070 1908 άπαγωγῇ
1086 1826 1225 1900 καὶτοῖς

282 1922 341 1999 της
351 1913 479 2002 ὕβρεως
489 1930 645 2002 γραφαῖς,
654 1918 952 2004 συμβουλευόντων
958 1923 996 1985 δέ
1007 1945 1064 2004 μοι
1074 1894 1129 1988 καί
1138 1944 1224 2003 παρ-

282 2013 469 2081 αινούντων
483 2016 527 2102 μη
555 2021 650 2101 μείζω
670 2017 844 2102 πράγματα
869 2012 896 2103 η’
908 2017 1092 2104 δυνήσομαι
1110 2022 1225 2104 φέρειν

281 2114 479 2199 ἐπάγεσθαι,
497 2113 573 2200 μηδ’
586 2114 669 2198 ὑπὲρ
682 2114 743 2202 τὴν
759 2114 889 2203 ἡλικίαν
901 2108 949 2184 ὦν
956 2116 1158 2186 ἐπεπόνθειν
1169 2119 1225 2199 ἑγ-

282 2221 448 2281 καλοῦντα
463 2220 657 2300 φαίνεσθαι,
684 2213 788 2292 οὕτως
804 2218 940 2299 ἐποίησα
956 2217 1011 2282 καί
1025 2211 1063 2281 δι’
1078 2219 1223 2293 ἐκείνους

283 2314 370 2378 ίδίαν
380 2316 498 2395 ἔλαχον
508 2314 613 2396 δίκην,
625 2309 726 2397 ἥδιστ’
739 2307 793 2394 ίίυ,
802 2305 829 2378 ὦ
839 2310 959 2395 άυδρες
966 2310 1144 2396 Ἀθηναῖοι,
1156 2323 1222 2378 θα-

258 2409 387 2476 2νάτου
403 2415 519 2492 κρίνας
536 2415 678 2475 τουτουί.
710 2411 765 2475 καί
782 2407 904 2474 τούτου
916 2408 1116 2500 συγγνώμην
1126 2411 1222 2492 ἕξετε,

284 2501 323 2574 εὖ
333 2505 396 2574 οἷδ’
410 2505 471 2591 ὅτι,
484 2505 612 2590 πάντες,
625 2504 760 2576 ἐπειδάν
771 2501 794 2571 δί
804 2503 943 2571 πέπονθ’
954 2501 1132 2602 ἀκούσητε·
1155 2511 1223 2572 δει-

281 2613 342 2691 νῆς
359 2603 422 2691 γάρ
441 2603 542 2690 οὔσης
558 2611 615 2689 τῆς
630 2603 704 2670 τότε
721 2603 892 2690 συμβάσης
909 2601 1036 2689 ὕβρεως
1053 2600 1115 2670 οὐκ
1131 2604 1225 2670 ἐλάτ-

281 2731 349 2773 των
370 2703 390 2790 η
412 2703 493 2789 μετά
513 2700 605 2771 ταῦτ’
630 2700 782 2787 άσίλγειά
810 2707 878 2770 ἐστι
902 2710 1044 2771 τουτουί.
1083 2702 1164 2783 ἀξιοῖ
1184 2703 1224 2789 δὴ

282 2805 338 2870 καὶ
357 2807 469 2888 δέομαι
487 2803 622 2870 πάντων
638 2800 758 2888 ὁμοίως
777 2799 872 2888 ὑμῶν
889 2803 1096 2890 πρῶτονμὲν
1115 2801 1225 2870 εὖνοι·-

283 2910 350 2977 κοίς
362 2897 505 2969 ἀκοῦσαί
511 2927 576 2988 μου
588 2903 661 2988 περὶ
673 2893 721 2970 ὦν
732 2906 886 2969 πέπονθα
896 2905 1064 2988 λέγοντος,
1082 2898 1153 2987 εἶτ’,
1166 2898 1226 2968 ἐὰν
1232 2915 1301 2971 1257

282 2998 464 3085 η’δικῆσθαι
481 3001 536 3067 καὶ
552 3008 847 3086 παρανενομῆσθαι
866 3006 969 3086 δοκῶ,
993 3006 1164 3086 βοηθῆσαί
1170 3026 1225 3085 μοι

283 3096 324 3163 τά
339 3101 457 3163 δίκαια.
479 3100 513 3176 ἐξ
525 3095 624 3182 άρχῆς
634 3097 666 3165 δ’
680 3096 728 3176 ως·
735 3099 855 3166 ἕκαστα
866 3100 1058 3184 πέπρακται,
1070 3095 1225 3183 διηγησο-

261 3198 263 3202 ’
282 3201 343 3282 μαι
353 3195 436 3281 πρὸς
447 3194 542 3280 ὑμᾶς,
556 3193 600 3273 ὡς
610 3191 653 3262 άν
664 3191 731 3274 οἷός
742 3222 776 3264 τε
789 3190 816 3264 ά
828 3194 881 3263 διά
892 3197 1112 3281 βραχυτάτων.

258 3314 276 3367 3
302 3315 303 3319 ’
342 3293 552 3380 Ἑξηίθομευ,
565 3297 734 3373 ἒτοςπουτδ
745 3301 866 3380 τρίτου,
874 3299 919 3372 είς
928 3295 1106 3360 Πάνακτον
1117 3300 1225 3382 φρου-

285 3403 344 3478 ρας
360 3392 442 3480 ἡμίν
459 3400 711 3479 προγραφείσης.
744 3384 1022 3477 ἐσκήνωσανόύυ
1041 3396 1075 3460 οί
1091 3397 1171 3472 υίείς
1191 3397 1226 3459 οἱ

284 3494 444 3570 Κόνωνος
453 3495 585 3561 τουτουί
595 3490 693 3577 ἐγγύς
702 3490 813 3576 ἡμῶν,
837 3488 953 3569 ὡςούκ
969 3487 1223 3579 άνέβουλόμην·

283 3588 305 3675 ἡ
325 3590 387 3675 γὰρ
408 3593 441 3670 ἐξ
459 3589 558 3676 ἀρχῆς
571 3596 675 3676 ἔχθρα
692 3591 747 3662 καὶ
776 3586 816 3654 τά
838 3586 1078 3676 προσκρούματ’
1096 3592 1225 3656 ἐκεῖθεν

284 3685 511 3776 ημϊωσυνέβη,
532 3693 564 3770 ἐξ
577 3681 625 3757 οἷν
642 3687 692 3775 δ’,
715 3686 910 3756 ἀκούσεσθε.
942 3694 1056 3756 ἔπινον
1073 3685 1225 3765 ἑκάστοτε
