3159 4409
320 493 384 558 224
533 496 600 553 LVI.
635 489 977 552 ΛΗΜΟΣΘΕΝΟ
987 490 1053 551 ΤΣ

294 652 480 747 9τοιοότωυ
497 655 676 720 ἐπιστολῶν
694 652 749 718 καί
766 657 960 735 συνεργιῶν.
993 649 1048 717 ότε
1064 643 1180 736 μὲν
1136 655 1267 719 οννέν-

318 755 420 819 θένδε
437 742 636 819 ἀνέστελλον
653 741 745 817 οῦτοι
761 749 823 835 τήν
838 757 942 833 ναῦν,
962 750 1119 828 ἐπιεικῶς
1132 754 1265 837 ἔντιμον

317 847 535 917 κατέλιπον
501 874 562 915 τον
573 862 679 915 σῖτον·
698 846 748 915 διό
761 845 847 914 καῖ’
827 850 1009 935 υπίμειναν
1018 852 1106 916 ἐν
1064 875 1104 936 τη
1117 867 1264 936 συγγρα-

317 974 365 1035 φη
351 947 620 1033 γράψασθαιί
590 972 636 1025 ες
648 944 793 1032 Ἀθήνας
809 954 918 1031 πλεῖν,
940 952 987 1025 είς
1008 949 1037 1017 δ’
1058 945 1138 1016 ἀλλο
1160 949 1264 1033 μηδὲν

317 1045 483 1131 ἐμπόριον.
516 1043 595 1129 μετά
607 1044 643 1111 δέ
653 1040 760 1128 ταῦτ’,
777 1035 933 1129 ῶάνδρες
944 1047 1109 1130 δικασταὶ,
1120 1041 1261 1132 ἐπειδήὸ

315 1141 488 1221 Σικελικός
498 1141 686 1221 κατάπλους
696 1144 824 1225 ἐγένετο
836 1143 890 1209 καὶ
902 1146 938 1208 αί
945 1143 1034 1227 τιμαὶ
1042 1150 1103 1210 τοῦ
1111 1149 1206 1210 σίτου
1214 1140 1260 1212 ἐπ’

315 1247 450 1310 ἔλαττον
466 1239 614 1328 ἐβάδιζον
631 1237 720 1326 καλή
738 1246 822 1317 ναῦς
838 1237 998 1324 ήτοῦτων
1008 1236 1131 1326 ἀνῆκτο
1144 1247 1190 1319 είς
1199 1251 1262 1310 Αί-

286 1366 288 1368 ·
314 1363 458 1426 γυπτον,
481 1335 608 1418 εὐθέως
625 1330 723 1417 οὗτος
739 1335 929 1405 ἀποστέλλει
939 1336 1014 1405 τινά
1027 1337 1260 1424 είςτήνῬόδον

289 1468 296 1487 s
316 1437 565 1524 ἀπαγγελοῦντα
575 1445 622 1526 τῶ
634 1443 850 1525 Παρμενίσκῳ
866 1443 913 1524 τῶ
929 1443 1080 1525 κοινωνῷ
1098 1434 1259 1506 τάνθένδε

315 1535 558 1622 καθεστηκότα,
582 1531 724 1620 ἀκριβῶς
737 1531 832 1612 είδῶς
843 1531 1144 1620 όπιάναγκαῑονεῖη
1155 1545 1196 1623 τῇ
1206 1540 1259 1622 νηλ

277 1661 308 1715 10
316 1637 487 1719 προσέχειν
498 1630 666 1710 είςῬόδον.
689 1636 789 1717 πέρας
800 1629 832 1698 δ’
845 1624 925 1716 οῦν,
935 1629 1050 1718 λοβῶν
1059 1630 1123 1718 γὰρ
1135 1629 1153 1702 ὁ
1164 1641 1256 1720 Παρ-

315 1739 466 1818 μενίσκος
487 1729 505 1797 ὁ
527 1733 659 1798 τουτουὶ
680 1729 841 1808 κοινωνός
860 1729 900 1797 τὰ
921 1731 1095 1816 γράμματα
1111 1728 1152 1798 τά
1168 1731 1255 1818 παρὰ

314 1829 435 1897 τοῦτον
445 1826 683 1912 ἀποσταλέντα,
695 1831 749 1896 καὶ
759 1827 950 1914 πυθόμενος
961 1826 1019 1907 τάς
1028 1826 1124 1914 τιμάς
1131 1827 1190 1908 κάς
1201 1832 1255 1897 ἐν-

313 1926 399 1994 θάδε
415 1934 476 1993 τοῦ
487 1934 580 1994 σίτου
590 1933 846 2012 καθεστηκυίας,
867 1928 1036 2012 ἐξαιρεῖται
1046 1923 1106 1994 τόν
1117 1940 1210 1995 σῖτον
1219 1931 1309 1996 &vm

313 2051 353 2112 τη
341 2005 514 2114 Ῥόδῳ’
473 2023 784 2108 κακεῖάποδίδοται,
808 2021 1116 2110 καταφρονήσαντες
1124 2024 1237 2110 μέν
1198 2052 1254 2112 της

314 2131 523 2210 συγγραφῆς,
546 2149 571 2190 ω
560 2115 708 2206 ἀνδρες
723 2123 887 2206 δικασταί,
908 2125 963 2189 και
978 2129 1045 2190 τῶν
1056 2119 1254 2207 ἐπιτιμίωνδ

314 2221 563 2307 συνεγράψαντο
580 2211 730 2288 αῦτολ
689 2246 781 2289 ουτοι
798 2218 879 2288 καθ’
891 2217 1017 2305 αὐτῶν,
1038 2218 1097 2287 ἐαν
1106 2246 1138 2286 τι
1147 2243 1253 2304 παρα

212 2384 217 2401 x
313 2328 465 2408 βαίνουσι,
488 2320 797 2406 καταφρονήσαντες
812 2323 848 2388 δε
858 2345 925 2387 τῶν
935 2344 1049 2405 νομωυ
1059 2343 1127 2385 των
1137 2343 1252 2403 υμετε-

314 2447 397 2507 ρων,
416 2421 629 2488 οΐκελευουσι
640 2445 718 2500 τους
728 2419 936 2505 ναυκλήρους
946 2421 1000 2484 καὶ
1010 2443 1088 2494 τους
1098 2417 1253 2502 ἐπιβάτας

312 2529 406 2587 πλεῖν
422 2527 467 2598 είς
483 2517 503 2587 ό
518 2547 550 2587 τι
566 2515 609 2587 άν
625 2527 817 2586 συνθῶνται
827 2517 999 2603 ἐμπόριον,
1021 2519 1052 2581 εί
1061 2513 1097 2581 δὲ
1106 2511 1164 2598 μή,
1183 2527 1252 2593 ταῖς
1296 2594 1300 2603 .

270 2655 301 2706 11
311 2625 475 2703 μεγίσταις
492 2623 616 2704 ζημίαις
632 2616 716 2684 εἶναι
727 2617 872 2702 ἐνόχους.
903 2616 958 2682 καὶ
968 2611 1059 2698 ήμεῖς
1069 2610 1181 2699 ἐπειδὴ
1193 2613 1251 2680 τά·

310 2738 402 2802 χιστα
414 2714 608 2798 ἐπυθόμεθα
618 2712 655 2781 τό
666 2715 819 2800 γεγονός,
841 2712 1096 2797 ἐκπεπληγμένοι
1106 2717 1153 2796 τῶ
1164 2710 1251 2794 πρά-

310 2841 407 2901 γματι
423 2821 593 2900 προσῇμεν
608 2814 714 2903 τούτῳ
732 2821 779 2903 τῶ
796 2809 995 2897 ἀρχιτέκτονι
1010 2816 1067 2896 τῆς
1082 2805 1161 2893 ὅλης
1181 2811 1251 2876 ἐπι-

310 2910 490 3001 βουλής,’
471 2921 788 2998 αγαυακτοῦντες,ο
771 2907 919 2979 οἷονεί
870 2916 954 2992 ίκος,
971 2910 1025 2976 καλ
1036 2911 1250 2991 ἐγκαλοῦντες

310 3013 361 3081 ὅτι
377 3010 590 3100 διαρρήδην
573 3020 667 3099 ημῶν
685 3012 923 3097 διορισαμένων
937 3010 974 3074 ἐν
990 3020 1058 3084 ταῖς
1069 3006 1251 3091 συνθήκαις

310 3139 526 3200 οπωςηναυς
534 3111 703 3198 μηδαμοσε
713 3107 971 3178 καταπλευσεται
981 3099 1053 3172 αλλ
1064 3098 1144 3189 ηείς
1127 3098 1251 3188 ςἈθή-

310 3237 386 3296 νας,
408 3213 530 3279 καὶέπὶ
546 3209 679 3288 ταύταις
695 3221 764 3286 ταῖς
781 3205 966 3293 ὁμολογίαις
977 3197 1246 3270 δανεισάντων
1212 3226 1248 3267 το

311 3305 486 3393 ἀργύριον,
507 3305 593 3394 ήμάς
609 3307 671 3393 μὲν
685 3309 721 3375 ἐν
732 3303 859 3391 ὑποψία
869 3305 1079 3370 καταλέλοιπε
1088 3311 1156 3376 τοῖς
1167 3303 1251 3405 βον-

310 3411 458 3490 λομένοις
474 3415 643 3476 αἰτιᾶσθαι
659 3408 715 3473 καὶ
726 3406 833 3490 λέγειν
844 3399 888 3480 ῶς
898 3399 962 3519 ἀρα
972 3394 1057 3466 καὶ
1038 3410 1130 3483 ημεῖς
1140 3420 1250 3463 κεκοι-

309 3502 505 3590 νωνήκαμεν
521 3514 579 3592 τῆς
594 3510 738 3589 σιτηγίας
754 3511 812 3588 τής
827 3506 873 3579 είς
888 3496 949 3585 τήν
954 3494 1080 3579 Ρόδου,
1103 3489 1198 3561 αῦτολ
1216 3487 1248 3558 δ’

310 3600 409 3670 οῦδὲν
424 3611 550 3687 μάλλον
565 3602 627 3689 τήν
643 3609 730 3671 ναῦν
748 3601 869 3689 ήκουσι
879 3598 1188 3684 κατακομίζοντεςεί
1187 3588 1250 3672 ςτδ

268 3729 300 3781 12
310 3700 468 3791 ῦμέτερον
478 3697 711 3789 ἐμπόριονεί
676 3727 719 3781 ςο
714 3698 990 3784 σννεγραψαντο
1022 3689 1133 3780 ἐπειδη
1146 3688 1176 3759 δ
1190 3687 1253 3758 οῦ-
