3159 4409
510 472 960 537 11P001M1A.v-v111.
1141 425 1225 535 σεε

258 638 321 728 την
339 633 370 704 δ’
384 638 520 705 ἐκείνων
532 629 653 718 ἀρετὴν
663 627 784 699 ἐλάττω
795 639 853 717 τῆς
865 628 1104 718 ὑπειλημμένης
1114 631 1203 716 παρά

258 747 327 814 τοῖς
348 730 509 801 ἀκούουσι
530 734 710 815 φαίνεσθαι
730 736 894 797 ποιοῦσιν.
924 728 989 815 έγιδ
1012 729 1047 798 δὲ
1067 739 1124 816 τῆς
1143 732 1204 818 μέν
1295 817 1298 821 .

259 835 395 901 ἐκείνων
412 826 528 913 ἀρετῆς
539 830 692 914 μέγιστον
704 831 840 895 ἔπαινον
849 825 992 914 ἡγοῦμαι
1002 824 1061 894 τὸν
1071 827 1203 913 χρόνον,

260 921 303 996 ού
318 933 445 997 πολλοῦ
460 930 681 1011 γεγενημένου
697 930 794 1010 μείζω,
809 933 879 992 τοῖν
893 921 953 991 ὑπ’
971 929 1108 994 ἐκείνων
1120 945 1205 1008 πρα·

258 1030 409 1112 χθέντων
436 1022 571 1103 οὐδένες
598 1023 693 1093 ἀλλοι
719 1027 980 1110 παραδείξασθαι
1000 1021 1203 1109 δεδύνηνται.

260 1121 359 1204 αύτός
371 1123 405 1191 δὲ
416 1120 614 1208 πειράσομαι
624 1118 684 1188 τὸν
694 1121 820 1205 τρόπον
844 1127 948 1191 είπείυ
971 1118 1013 1189 δν
1026 1120 1070 1190 ἀν
1080 1147 1136 1208 μοι
1147 1126 1205 1190 δο-

258 1235 343 1288 κεῖτε
359 1219 498 1306 μάλιστα
519 1219 687 1287 δύνασθαι
707 1220 1031 1303 παρασκευάσασθαι.
1066 1222 1121 1287 καί
1140 1217 1205 1305 γάρ

259 1318 363 1397 οὕτως
379 1323 457 1402 ἔχει·
480 1322 511 1384 εί
524 1316 586 1403 μὲν
602 1315 693 1404 ἡμεῖς
715 1315 857 1398 ἅπαντες
877 1323 911 1385 oc
931 1320 1081 1404 λέγοντες
1103 1321 1205 1386 δεινοί

259 1423 454 1503 φανείημεν,
476 1413 575 1484 ούδδν
596 1410 639 1483 ἀν
661 1415 701 1484 τά
722 1412 853 1502 ὑμέτερ’
871 1407 911 1482 εύ
927 1413 991 1484 οἷδ’
1009 1415 1060 1484 ὅτι
1075 1418 1206 1503 βέλτιον

259 1523 365 1601 σχοίη·
382 1521 414 1584 εί
422 1515 458 1583 δὲ
469 1515 649 1601 παρελθὼν
659 1513 815 1584 ὁστισοῦν
823 1512 959 1582 δύναιτό
968 1541 1000 1582 τι
1012 1514 1139 1594 διδάξαι
1150 1514 1205 1581 καὶ

258 1609 367 1682 πεῖσαι
383 1619 431 1692 τίς
446 1610 638 1698 παρασκευὴ
657 1613 711 1679 καὶ
727 1612 813 1698 πόση
826 1612 881 1679 καὶ
892 1610 1205 1697 πόθενπορισδείσα

258 1711 415 1797 χρήσιμος
432 1714 572 1798 έσταιτῇ
583 1709 693 1802 πόλει,
717 1716 780 1788 πᾶς
791 1706 811 1777 δ’
821 1705 1079 1794 παράνλέλνται
1089 1707 1202 1794 φόβος.

258 1808 321 1894 ἐγώ
339 1809 375 1877 δὲ
392 1816 507 1897 τούτο,
528 1804 573 1877 ἀν
585 1806 650 1892 ἀρα
661 1805 729 1887 οἷός
740 1833 774 1876 τε
786 1801 830 1892 ἀ,
853 1806 1050 1896 πειράσομαι
1059 1814 1204 1892 ποιησαι,

264 1906 366 1994 μικρά
388 1904 558 1993 προειπεδν
574 1905 653 1994 ὑμῖν
670 1904 786 1992 ἀςέηω
802 1904 935 1993 γνάμης
950 1907 1023 1990 περὶ
1038 1912 1106 1974 τῶν
1122 1902 1205 1990 πρὸς

257 2005 474 2094 τὸνβασιλέα.
742 2079 744 2082 y

712 2111 756 2171 H.

338 2202 536 2290 Ἀμφότεροί
549 2229 607 2289 μοι
622 2204 780 2270 δοκόῦσιν
801 2200 1018 2288 ἁμαρτάνειν,
1043 2192 1070 2267 ά
1086 2197 1205 2286 ἀνδρες

256 2301 441 2388 Ἀθηναῖοι,
465 2302 520 2368 καὶ
537 2305 571 2367 οί
585 2313 653 2378 τοῖς
660 2297 793 2387 Ἀρκάσι
808 2302 863 2365 καὶ
879 2301 913 2364 oc
922 2311 990 2374 τοῖς
1000 2300 1206 2382 Λακεδαιμο-

258 2406 341 2479 νίοις
352 2398 595 2485 συνειρηκότες·
619 2395 728 2480 οἵσπερ
738 2393 803 2482 γάρ
814 2393 875 2484 ἀφ’
887 2397 1049 2479 ἑκατέρων
1058 2393 1205 2480 ἥκοντες,

259 2495 321 2584 οὐχ
337 2494 431 2585 ὑμῶν
449 2497 558 2581 ὄντες,
580 2495 663 2582 πρὸς
681 2492 740 2574 ούς
757 2490 939 2581 ἀμφότεροι
956 2494 1205 2579 πρεσβεύονται,

258 2603 479 2683 κατηγοροῦσι
491 2598 546 2664 καὶ
558 2593 793 2682 διαβάλλουσιν
803 2589 975 2680 ἀλλήλους.
1007 2584 1051 2680 ἦν
1061 2591 1097 2660 δὲ
1106 2593 1205 2658 τούτο

258 2695 320 2780 μὲν
343 2699 410 2761 τῶν
431 2690 624 2779 ἀφιγμένων
643 2696 759 2778 ἔργον,
781 2688 819 2758 τδ
842 2691 877 2759 δὲ
899 2698 1018 2769 κοινοῖς
1036 2687 1119 2775 ὑπὲρ
1138 2696 1207 2756 τῶν

260 2790 462 2876 πραγμάτων
471 2792 580 2876 λέγειν
590 2788 694 2857 καὶτὰ
706 2794 856 2874 βέλτιστα
867 2785 950 2870 ὑπὲρ
963 2785 1058 2875 ὑμῶν
1071 2782 1207 2855 σκοπεῖν

260 2889 343 2957 ἀνευ
360 2897 560 2974 φιλονεικίας
575 2895 643 2957 τῶν
664 2887 787 2957 ένδάδε
809 2887 1050 2977 συμβουλεύειν
1072 2884 1283 2967 &mov-1424

258 3011 336 3052 των.
368 2993 433 3054 νῦν
447 2985 478 3056 δ’
491 2993 609 3073 ἔγωγε,
626 2995 660 3054 εί
666 3011 714 3065 τις
725 2983 837 3055 αὐτῶν
847 2984 965 3071 ἀφέλοι
974 2983 1011 3053 τὸ
1023 2983 1207 3071 γιγνώσκε-

258 3092 341 3151 σθαι
357 3085 412 3151 καλ
425 3083 462 3152 τδ
473 3093 514 3172 τῇ
525 3091 622 3172 φωνῇ
633 3089 740 3170 λέγειν
754 3082 927 3171 ἀττικιστὶ,
949 3081 1093 3159 πολλούς
1103 3078 1146 3147 ἀν
1157 3078 1206 3147 υί-

259 3209 318 3270 μαι
335 3178 414 3260 τούς
426 3179 486 3268 μὲν
494 3182 669 3268 Ἀρκάδας,
690 3175 769 3262 τούς
780 3184 816 3252 δέ
827 3185 989 3260 Λάκωνας
1000 3179 1111 3249 αύτοῐν
1123 3178 1208 3248 εἶναι

259 3286 402 3367 νομίσαι.
437 3280 500 3364 ἐγώ
518 3278 550 3348 δ’
569 3279 642 3349 οῖδα
659 3283 720 3368 μὲν
738 3280 782 3361 άς
798 3279 942 3367 χαλεπὸν
958 3282 994 3348 τδ
1007 3278 1047 3346 τά
1057 3284 1208 3367 βέλτιστα

259 3479 370 3564 ταυτὶ,
393 3485 461 3546 τάν
478 3479 513 3546 δὲ
527 3481 622 3548 ταυτὶ
638 3482 868 3567 βουλομένων,
887 3472 950 3544 ιἐάν
965 3477 1005 3545 τά
1021 3477 1141 3562 μεταξύ
1159 3501 1208 3552 τις

261 3579 389 3664 ἐγχειρῇ
403 3581 512 3662 λέγειν
528 3570 613 3667 κᾷτα
630 3574 722 3665 ὑμεῖς
731 3577 775 3661 μη
787 3577 978 3660 περιμένητε
988 3584 1125 3660 μαθεῖν,
1148 3597 1209 3657 χα-

261 3688 375 3760 ριεῖται
385 3677 447 3761 μέν
457 3674 651 3764 ούδετέροις,
667 3674 914 3764 διαβεβλήσεται
925 3674 961 3743 δέ
971 3672 1054 3761 πρὸς
1064 3671 1209 3757 ἀμφοτέ-
