<?xml version="1.0" encoding="UTF-8"?>
<!DOCTYPE html PUBLIC "-//W3C//DTD XHTML 1.0 Transitional//EN"
    "http://www.w3.org/TR/xhtml1/DTD/xhtml1-transitional.dtd">
<html xmlns="http://www.w3.org/1999/xhtml" xml:lang="en" lang="en">
 <head>
  <title>
</title>
<meta http-equiv="Content-Type" content="text/html;charset=utf-8" />
  <meta name='ocr-system' content='tesseract 3.04.00' />
  <meta name='ocr-capabilities' content='ocr_page ocr_carea ocr_par ocr_line ocrx_word'/>
</head>
<body>
  <div class='ocr_page' id='page_1' title='image "./orationesexrece02demogoog_0322.png"; bbox 0 0 3159 4409; ppageno 0'>
   <div class='ocr_carea' id='block_1_1' title="bbox 308 490 1043 572">
    <p class='ocr_par' dir='ltr' id='par_1_1' title="bbox 308 490 1043 572">
     <span class='ocr_line' id='line_1_1' title="bbox 308 490 1043 572; baseline -0.015 -9"><span class='ocrx_word' id='word_1_1' title='bbox 308 496 373 563; x_wconf 77' lang='grc' dir='ltr'><strong><em>εεε</em></strong></span> <span class='ocrx_word' id='word_1_2' title='bbox 524 500 577 557; x_wconf 75' lang='grc' dir='ltr'><strong><em>ιιι.</em></strong></span> <span class='ocrx_word' id='word_1_3' title='bbox 602 490 1043 572; x_wconf 77' lang='grc' dir='ltr'><strong><em>[ΔΗΜοΣοιιαουΣ]</em></strong></span> 
     </span>
    </p>
   </div>
   <div class='ocr_carea' id='block_1_2' title="bbox 199 645 1307 3803">
    <p class='ocr_par' dir='ltr' id='par_1_2' title="bbox 199 645 1263 1040">
     <span class='ocr_line' id='line_1_2' title="bbox 310 645 1263 744; baseline -0.009 -18"><span class='ocrx_word' id='word_1_4' title='bbox 310 654 741 744; x_wconf 79' lang='grc' dir='ltr'><strong><em>άγδνέλθητοῦπολέμου,</em></strong></span> <span class='ocrx_word' id='word_1_5' title='bbox 762 658 827 728; x_wconf 85' lang='grc' dir='ltr'><strong><em>τάς</em></strong></span> <span class='ocrx_word' id='word_1_6' title='bbox 836 676 885 728; x_wconf 86' lang='grc' dir='ltr'><strong><em>τις</em></strong></span> <span class='ocrx_word' id='word_1_7' title='bbox 901 648 1043 736; x_wconf 79' lang='grc' dir='ltr'><strong><em>εὐχερῶς</em></strong></span> <span class='ocrx_word' id='word_1_8' title='bbox 1059 645 1183 717; x_wconf 82' lang='grc' dir='ltr'><strong><em>ἑαυτὸν</em></strong></span> <span class='ocrx_word' id='word_1_9' title='bbox 1192 650 1263 729; x_wconf 82' lang='grc' dir='ltr'><strong><em>σοι’-</em></strong></span> 
     </span>
     <span class='ocr_line' id='line_1_3' title="bbox 310 743 1262 841; baseline -0.007 -17"><span class='ocrx_word' id='word_1_10' title='bbox 310 761 371 841; x_wconf 78' lang='grc' dir='ltr'><strong><em>ζει,</em></strong></span> <span class='ocrx_word' id='word_1_11' title='bbox 394 754 554 833; x_wconf 73' lang='grc' dir='ltr'><strong><em>συνειδώς</em></strong></span> <span class='ocrx_word' id='word_1_12' title='bbox 565 753 632 839; x_wconf 84' lang='grc' dir='ltr'><strong><em>ὅτι,</em></strong></span> <span class='ocrx_word' id='word_1_13' title='bbox 644 751 704 819; x_wconf 80' lang='grc' dir='ltr'><strong><em>ἐάν</em></strong></span> <span class='ocrx_word' id='word_1_14' title='bbox 714 746 793 827; x_wconf 84' lang='grc' dir='ltr'><strong><em>τοῦς</em></strong></span> <span class='ocrx_word' id='word_1_15' title='bbox 803 756 940 832; x_wconf 91' lang='grc' dir='ltr'><strong><em>κυρίους</em></strong></span> <span class='ocrx_word' id='word_1_16' title='bbox 950 744 972 833; x_wconf 87' lang='grc' dir='ltr'><strong><em>ή</em></strong></span> <span class='ocrx_word' id='word_1_17' title='bbox 984 743 1135 834; x_wconf 83' lang='grc' dir='ltr'><strong><em>δάροιςή</em></strong></span> <span class='ocrx_word' id='word_1_18' title='bbox 1148 745 1188 815; x_wconf 91' lang='grc' dir='ltr'><strong><em>δι’</em></strong></span> <span class='ocrx_word' id='word_1_19' title='bbox 1201 745 1262 817; x_wconf 80' lang='grc' dir='ltr'><strong><em>άλ-</em></strong></span> 
     </span>
     <span class='ocr_line' id='line_1_4' title="bbox 309 844 1261 942; baseline -0.012 -18"><span class='ocrx_word' id='word_1_20' title='bbox 309 865 368 942; x_wconf 88' lang='grc' dir='ltr'><strong><em>λης</em></strong></span> <span class='ocrx_word' id='word_1_21' title='bbox 379 852 580 941; x_wconf 77' lang='grc' dir='ltr'><strong><em>ἡστινοσοῦν</em></strong></span> <span class='ocrx_word' id='word_1_22' title='bbox 591 849 718 937; x_wconf 77' lang='grc' dir='ltr'><strong><em>ὁμιλίας</em></strong></span> <span class='ocrx_word' id='word_1_23' title='bbox 730 851 933 933; x_wconf 80' lang='grc' dir='ltr'><strong><em>ἐξαρέσηται,</em></strong></span> <span class='ocrx_word' id='word_1_24' title='bbox 954 845 1020 915; x_wconf 86' lang='grc' dir='ltr'><strong><em>κάν</em></strong></span> <span class='ocrx_word' id='word_1_25' title='bbox 1035 844 1076 914; x_wconf 83' lang='grc' dir='ltr'><strong><em>τά</em></strong></span> <span class='ocrx_word' id='word_1_26' title='bbox 1087 845 1261 915; x_wconf 77' lang='grc' dir='ltr'><strong><em>δεινότατα</em></strong></span> 
     </span>
     <span class='ocr_line' id='line_1_5' title="bbox 199 942 1261 1040; baseline -0.008 -19"><span class='ocrx_word' id='word_1_27' title='bbox 199 1027 204 1036; x_wconf 58' lang='lat'>‚</span> <span class='ocrx_word' id='word_1_28' title='bbox 311 952 538 1040; x_wconf 87' lang='grc' dir='ltr'><strong><em>άσχημονήση,</em></strong></span> <span class='ocrx_word' id='word_1_29' title='bbox 560 947 681 1037; x_wconf 82' lang='grc' dir='ltr'><strong><em>μικρὸν</em></strong></span> <span class='ocrx_word' id='word_1_30' title='bbox 703 945 833 1025; x_wconf 87' lang='grc' dir='ltr'><strong><em>όνειδος</em></strong></span> <span class='ocrx_word' id='word_1_31' title='bbox 849 943 886 1014; x_wconf 89' lang='grc' dir='ltr'><strong><em>τό</em></strong></span> <span class='ocrx_word' id='word_1_32' title='bbox 904 942 1023 1015; x_wconf 84' lang='grc' dir='ltr'><strong><em>λοιπόν</em></strong></span> <span class='ocrx_word' id='word_1_33' title='bbox 1043 942 1138 1030; x_wconf 77' lang='grc' dir='ltr'><strong><em>αὑτῷ</em></strong></span> <span class='ocrx_word' id='word_1_34' title='bbox 1158 971 1261 1013; x_wconf 89' lang='grc' dir='ltr'><strong><em>κατα-</em></strong></span> 
     </span>
    </p>

    <p class='ocr_par' dir='ltr' id='par_1_3' title="bbox 268 1042 1307 2217">
     <span class='ocr_line' id='line_1_6' title="bbox 268 1042 1260 1135; baseline -0.008 -16"><span class='ocrx_word' id='word_1_35' title='bbox 268 1071 303 1126; x_wconf 76' lang='lat'><strong><em>26</em></strong></span> <span class='ocrx_word' id='word_1_36' title='bbox 311 1051 476 1135; x_wconf 87' lang='grc' dir='ltr'><strong><em>στήσεται·</em></strong></span> <span class='ocrx_word' id='word_1_37' title='bbox 498 1054 535 1116; x_wconf 79' lang='grc' dir='ltr'><strong><em>αλ</em></strong></span> <span class='ocrx_word' id='word_1_38' title='bbox 549 1047 585 1116; x_wconf 71' lang='grc' dir='ltr'><strong><em>δὲ</em></strong></span> <span class='ocrx_word' id='word_1_39' title='bbox 602 1052 820 1133; x_wconf 76' lang='grc' dir='ltr'><strong><em>δημοκρατίαι</em></strong></span> <span class='ocrx_word' id='word_1_40' title='bbox 836 1045 943 1113; x_wconf 92' lang='grc' dir='ltr'><strong><em>πολλά</em></strong></span> <span class='ocrx_word' id='word_1_41' title='bbox 959 1070 995 1112; x_wconf 90' lang='grc' dir='ltr'><strong><em>τε</em></strong></span> <span class='ocrx_word' id='word_1_42' title='bbox 1012 1043 1096 1111; x_wconf 85' lang='grc' dir='ltr'><strong><em>άλλα</em></strong></span> <span class='ocrx_word' id='word_1_43' title='bbox 1106 1046 1163 1111; x_wconf 76' lang='grc' dir='ltr'><strong><em>καὶ</em></strong></span> <span class='ocrx_word' id='word_1_44' title='bbox 1174 1042 1260 1112; x_wconf 83' lang='grc' dir='ltr'><strong><em>καλά</em></strong></span> 
     </span>
     <span class='ocr_line' id='line_1_7' title="bbox 310 1137 1307 1232; baseline -0.004 -15"><span class='ocrx_word' id='word_1_45' title='bbox 310 1151 366 1217; x_wconf 78' lang='grc' dir='ltr'><strong><em>καὶ</em></strong></span> <span class='ocrx_word' id='word_1_46' title='bbox 376 1154 484 1216; x_wconf 88' lang='grc' dir='ltr'><strong><em>δίκαια</em></strong></span> <span class='ocrx_word' id='word_1_47' title='bbox 494 1152 642 1232; x_wconf 77' lang='grc' dir='ltr'><strong><em>ἔχουσιν,</em></strong></span> <span class='ocrx_word' id='word_1_48' title='bbox 666 1137 714 1213; x_wconf 78' lang='grc' dir='ltr'><strong><em>όν</em></strong></span> <span class='ocrx_word' id='word_1_49' title='bbox 725 1144 786 1212; x_wconf 84' lang='grc' dir='ltr'><strong><em>τόν</em></strong></span> <span class='ocrx_word' id='word_1_50' title='bbox 803 1138 843 1211; x_wconf 82' lang='grc' dir='ltr'><strong><em>εὖ</em></strong></span> <span class='ocrx_word' id='word_1_51' title='bbox 860 1151 1052 1229; x_wconf 80' lang='grc' dir='ltr'><strong><em>φρονοῦντα</em></strong></span> <span class='ocrx_word' id='word_1_52' title='bbox 1062 1142 1260 1230; x_wconf 79' lang='grc' dir='ltr'><strong><em>άυτέχεσθοι</em></strong></span> <span class='ocrx_word' id='word_1_53' title='bbox 1268 1165 1307 1221; x_wconf 77' lang='grc'><strong><em>139</em></strong></span> 
     </span>
     <span class='ocr_line' id='line_1_8' title="bbox 311 1240 1260 1331; baseline -0.004 -17"><span class='ocrx_word' id='word_1_54' title='bbox 311 1251 376 1331; x_wconf 89' lang='grc' dir='ltr'><strong><em>δεῖ,</em></strong></span> <span class='ocrx_word' id='word_1_55' title='bbox 397 1246 453 1312; x_wconf 78' lang='grc' dir='ltr'><strong><em>καὶ</em></strong></span> <span class='ocrx_word' id='word_1_56' title='bbox 470 1242 531 1330; x_wconf 82' lang='grc' dir='ltr'><strong><em>τὴν</em></strong></span> <span class='ocrx_word' id='word_1_57' title='bbox 546 1249 734 1330; x_wconf 88' lang='grc' dir='ltr'><strong><em>παρρησίαν</em></strong></span> <span class='ocrx_word' id='word_1_58' title='bbox 755 1245 793 1310; x_wconf 83' lang='grc' dir='ltr'><strong><em>ἐκ</em></strong></span> <span class='ocrx_word' id='word_1_59' title='bbox 813 1249 871 1328; x_wconf 81' lang='grc' dir='ltr'><strong><em>τῆς</em></strong></span> <span class='ocrx_word' id='word_1_60' title='bbox 892 1241 1051 1329; x_wconf 81' lang='grc' dir='ltr'><strong><em>ἀληθείας</em></strong></span> <span class='ocrx_word' id='word_1_61' title='bbox 1066 1240 1260 1331; x_wconf 83' lang='grc' dir='ltr'><strong><em>ήρτημένην</em></strong></span> 
     </span>
     <span class='ocr_line' id='line_1_9' title="bbox 311 1338 1260 1429; baseline -0.002 -16"><span class='ocrx_word' id='word_1_62' title='bbox 311 1342 374 1412; x_wconf 83' lang='grc' dir='ltr'><strong><em>οὐκ</em></strong></span> <span class='ocrx_word' id='word_1_63' title='bbox 393 1349 460 1411; x_wconf 83' lang='grc' dir='ltr'><strong><em>ἔστι</em></strong></span> <span class='ocrx_word' id='word_1_64' title='bbox 477 1339 618 1429; x_wconf 75' lang='grc' dir='ltr'><strong><em>τάληθὲς</em></strong></span> <span class='ocrx_word' id='word_1_65' title='bbox 635 1345 760 1429; x_wconf 90' lang='grc' dir='ltr'><strong><em>δηλοῦν</em></strong></span> <span class='ocrx_word' id='word_1_66' title='bbox 782 1338 974 1426; x_wconf 80' lang='grc' dir='ltr'><strong><em>ἀποτρέψαι.</em></strong></span> <span class='ocrx_word' id='word_1_67' title='bbox 1008 1339 1162 1427; x_wconf 83' lang='grc' dir='ltr'><strong><em>οότεγάρ</em></strong></span> <span class='ocrx_word' id='word_1_68' title='bbox 1173 1342 1260 1411; x_wconf 83' lang='grc' dir='ltr'><strong><em>πάν-</em></strong></span> 
     </span>
     <span class='ocr_line' id='line_1_10' title="bbox 310 1439 1258 1531; baseline -0.001 -20"><span class='ocrx_word' id='word_1_69' title='bbox 310 1468 368 1519; x_wconf 91' lang='grc' dir='ltr'><strong><em>τας</em></strong></span> <span class='ocrx_word' id='word_1_70' title='bbox 389 1444 607 1526; x_wconf 73' lang='grc' dir='ltr'><strong><em>ἐξαρέσασθαι</em></strong></span> <span class='ocrx_word' id='word_1_71' title='bbox 624 1454 693 1531; x_wconf 84' lang='grc' dir='ltr'><strong><em>τοῖς</em></strong></span> <span class='ocrx_word' id='word_1_72' title='bbox 713 1441 851 1526; x_wconf 78' lang='grc' dir='ltr'><strong><em>αἰσχρόν</em></strong></span> <span class='ocrx_word' id='word_1_73' title='bbox 870 1467 903 1507; x_wconf 93' lang='grc' dir='ltr'><strong><em>τι</em></strong></span> <span class='ocrx_word' id='word_1_74' title='bbox 924 1439 1079 1526; x_wconf 81' lang='grc' dir='ltr'><strong><em>ποιήσασι</em></strong></span> <span class='ocrx_word' id='word_1_75' title='bbox 1100 1440 1258 1526; x_wconf 86' lang='grc' dir='ltr'><strong><em>δυνατόν,</em></strong></span> 
     </span>
     <span class='ocr_line' id='line_1_11' title="bbox 312 1537 1258 1627; baseline -0.001 -18"><span class='ocrx_word' id='word_1_76' title='bbox 312 1540 389 1609; x_wconf 85' lang='grc' dir='ltr'><strong><em>οῦτε</em></strong></span> <span class='ocrx_word' id='word_1_77' title='bbox 406 1541 507 1627; x_wconf 87' lang='grc' dir='ltr'><strong><em>μόνος</em></strong></span> <span class='ocrx_word' id='word_1_78' title='bbox 525 1537 544 1609; x_wconf 84' lang='grc' dir='ltr'>ὁ</span> <span class='ocrx_word' id='word_1_79' title='bbox 561 1538 703 1626; x_wconf 74' lang='grc' dir='ltr'><strong><em>τάληθὲς</em></strong></span> <span class='ocrx_word' id='word_1_80' title='bbox 719 1538 848 1616; x_wconf 80' lang='grc' dir='ltr'><strong><em>ὄνειδος</em></strong></span> <span class='ocrx_word' id='word_1_81' title='bbox 863 1541 970 1623; x_wconf 83' lang='grc' dir='ltr'><strong><em>λέγων</em></strong></span> <span class='ocrx_word' id='word_1_82' title='bbox 986 1547 1098 1607; x_wconf 89' lang='grc' dir='ltr'><strong><em>λυπεῖ·</em></strong></span> <span class='ocrx_word' id='word_1_83' title='bbox 1127 1538 1258 1626; x_wconf 77' lang='grc' dir='ltr'><strong><em>καὶγὰρ</em></strong></span> 
     </span>
     <span class='ocr_line' id='line_1_12' title="bbox 312 1635 1259 1727; baseline -0.001 -20"><span class='ocrx_word' id='word_1_84' title='bbox 312 1645 346 1707; x_wconf 87' lang='grc' dir='ltr'><strong><em>οί</em></strong></span> <span class='ocrx_word' id='word_1_85' title='bbox 360 1640 463 1727; x_wconf 77' lang='grc' dir='ltr'><strong><em>μηδὲν</em></strong></span> <span class='ocrx_word' id='word_1_86' title='bbox 479 1635 524 1708; x_wconf 86' lang='grc' dir='ltr'><strong><em>άν</em></strong></span> <span class='ocrx_word' id='word_1_87' title='bbox 540 1640 686 1718; x_wconf 82' lang='grc' dir='ltr'><strong><em>εἰπόντες</em></strong></span> <span class='ocrx_word' id='word_1_88' title='bbox 704 1637 798 1707; x_wconf 77' lang='grc' dir='ltr'><strong><em>αὐτοὶ</em></strong></span> <span class='ocrx_word' id='word_1_89' title='bbox 815 1638 1014 1726; x_wconf 82' lang='grc' dir='ltr'><strong><em>βλάσφημον</em></strong></span> <span class='ocrx_word' id='word_1_90' title='bbox 1030 1637 1136 1707; x_wconf 88' lang='grc' dir='ltr'><strong><em>άλλον</em></strong></span> <span class='ocrx_word' id='word_1_91' title='bbox 1151 1664 1191 1725; x_wconf 85' lang='grc' dir='ltr'><strong><em>γε</em></strong></span> <span class='ocrx_word' id='word_1_92' title='bbox 1206 1641 1259 1708; x_wconf 83' lang='grc' dir='ltr'><strong><em>λε’-</em></strong></span> 
     </span>
     <span class='ocr_line' id='line_1_13' title="bbox 311 1733 1259 1825; baseline 0.001 -22"><span class='ocrx_word' id='word_1_93' title='bbox 311 1763 428 1822; x_wconf 85' lang='grc' dir='ltr'><strong><em>γοντος</em></strong></span> <span class='ocrx_word' id='word_1_94' title='bbox 449 1745 621 1825; x_wconf 84' lang='grc' dir='ltr'><strong><em>χαίρουσιν</em></strong></span> <span class='ocrx_word' id='word_1_95' title='bbox 641 1735 829 1817; x_wconf 85' lang='grc' dir='ltr'><strong><em>άκοάοντες.</em></strong></span> <span class='ocrx_word' id='word_1_96' title='bbox 864 1733 894 1803; x_wconf 80' lang='grc' dir='ltr'><strong><em>’ά</em></strong></span> <span class='ocrx_word' id='word_1_97' title='bbox 914 1735 1259 1823; x_wconf 85' lang='grc' dir='ltr'><strong><em>φοβοῦμενοιπάντες</em></strong></span> 
     </span>
     <span class='ocr_line' id='line_1_14' title="bbox 313 1833 1258 1923; baseline -0.001 -20"><span class='ocrx_word' id='word_1_98' title='bbox 313 1836 447 1914; x_wconf 79' lang='grc' dir='ltr'><strong><em>εἰκότως</em></strong></span> <span class='ocrx_word' id='word_1_99' title='bbox 463 1844 505 1923; x_wconf 77' lang='grc' dir='ltr'><strong><em>τῇ</em></strong></span> <span class='ocrx_word' id='word_1_100' title='bbox 521 1844 590 1904; x_wconf 77' lang='grc' dir='ltr'><strong><em>τῶν</em></strong></span> <span class='ocrx_word' id='word_1_101' title='bbox 605 1834 687 1923; x_wconf 86' lang='grc' dir='ltr'><strong><em>μετά</em></strong></span> <span class='ocrx_word' id='word_1_102' title='bbox 704 1845 808 1904; x_wconf 90' lang='grc' dir='ltr'><strong><em>ταῦτα</em></strong></span> <span class='ocrx_word' id='word_1_103' title='bbox 824 1833 966 1905; x_wconf 78' lang='grc' dir='ltr'><strong><em>ὀνειδῶν</em></strong></span> <span class='ocrx_word' id='word_1_104' title='bbox 989 1835 1129 1923; x_wconf 78' lang='grc' dir='ltr'><strong><em>αἰσχύνη</em></strong></span> <span class='ocrx_word' id='word_1_105' title='bbox 1151 1835 1213 1903; x_wconf 90' lang='grc' dir='ltr'><strong><em>τόν</em></strong></span> <span class='ocrx_word' id='word_1_106' title='bbox 1226 1859 1258 1903; x_wconf 90' lang='grc' dir='ltr'><strong><em>τε</em></strong></span> 
     </span>
     <span class='ocr_line' id='line_1_15' title="bbox 312 1931 1258 2021; baseline 0.001 -20"><span class='ocrx_word' id='word_1_107' title='bbox 312 1934 493 2021; x_wconf 79' lang='grc' dir='ltr'><strong><em>προσιόντα</em></strong></span> <span class='ocrx_word' id='word_1_108' title='bbox 520 1934 584 2002; x_wconf 86' lang='grc' dir='ltr'><strong><em>άπδ</em></strong></span> <span class='ocrx_word' id='word_1_109' title='bbox 613 1942 680 2002; x_wconf 79' lang='grc' dir='ltr'><strong><em>τάν</em></strong></span> <span class='ocrx_word' id='word_1_110' title='bbox 706 1939 867 2002; x_wconf 75' lang='grc' dir='ltr'><strong><em>ἐναντίοιν</em></strong></span> <span class='ocrx_word' id='word_1_111' title='bbox 890 1938 1051 2002; x_wconf 89' lang='grc' dir='ltr'><strong><em>κίνδυνον</em></strong></span> <span class='ocrx_word' id='word_1_112' title='bbox 1084 1931 1258 2020; x_wconf 73' lang='grc' dir='ltr'><strong><em>εὐρώστως</em></strong></span> 
     </span>
     <span class='ocr_line' id='line_1_16' title="bbox 313 2028 1258 2120; baseline 0.001 -21"><span class='ocrx_word' id='word_1_113' title='bbox 313 2029 509 2120; x_wconf 81' lang='grc' dir='ltr'><strong><em>ὑπέμειναν,</em></strong></span> <span class='ocrx_word' id='word_1_114' title='bbox 526 2035 582 2101; x_wconf 82' lang='grc' dir='ltr'><strong><em>καί</em></strong></span> <span class='ocrx_word' id='word_1_115' title='bbox 598 2031 750 2101; x_wconf 85' lang='grc' dir='ltr'><strong><em>θάνατον</em></strong></span> <span class='ocrx_word' id='word_1_116' title='bbox 760 2032 865 2102; x_wconf 84' lang='grc' dir='ltr'><strong><em>καλὸν</em></strong></span> <span class='ocrx_word' id='word_1_117' title='bbox 876 2037 1003 2102; x_wconf 77' lang='grc' dir='ltr'><strong><em>εἵλοντο</em></strong></span> <span class='ocrx_word' id='word_1_118' title='bbox 1014 2028 1177 2120; x_wconf 82' lang='grc' dir='ltr'><strong><em>μάλλονή</em></strong></span> <span class='ocrx_word' id='word_1_119' title='bbox 1187 2038 1258 2120; x_wconf 78' lang='grc' dir='ltr'><strong><em>βίον</em></strong></span> 
     </span>
     <span class='ocr_line' id='line_1_17' title="bbox 313 2132 993 2217; baseline 0.004 -20"><span class='ocrx_word' id='word_1_120' title='bbox 313 2132 457 2217; x_wconf 80' lang='grc' dir='ltr'><strong><em>αἰσχρόν.</em></strong></span> <span class='ocrx_word' id='word_1_121' title='bbox 990 2140 993 2146; x_wconf 85' lang='grc'><strong>’</strong></span> 
     </span>
    </p>

    <p class='ocr_par' dir='ltr' id='par_1_4' title="bbox 270 2223 1276 3111">
     <span class='ocr_line' id='line_1_18' title="bbox 270 2223 1276 2326; baseline -0.001 -28"><span class='ocrx_word' id='word_1_122' title='bbox 270 2244 305 2301; x_wconf 74' lang='lat'><strong><em>27</em></strong></span> <span class='ocrx_word' id='word_1_123' title='bbox 390 2227 429 2299; x_wconf 66' lang='lat'><strong><em>‘14</em></strong></span> <span class='ocrx_word' id='word_1_124' title='bbox 439 2231 501 2317; x_wconf 80' lang='grc' dir='ltr'><strong><em>μὲν</em></strong></span> <span class='ocrx_word' id='word_1_125' title='bbox 509 2223 574 2299; x_wconf 82' lang='grc' dir='ltr'><strong><em>οὖν</em></strong></span> <span class='ocrx_word' id='word_1_126' title='bbox 584 2237 679 2326; x_wconf 78' lang='grc' dir='ltr'><strong><em>κοινή</em></strong></span> <span class='ocrx_word' id='word_1_127' title='bbox 688 2238 789 2298; x_wconf 83' lang='grc' dir='ltr'><strong><em>τάσιν</em></strong></span> <span class='ocrx_word' id='word_1_128' title='bbox 800 2228 926 2318; x_wconf 80' lang='grc' dir='ltr'><strong><em>ὑπῆρχε</em></strong></span> <span class='ocrx_word' id='word_1_129' title='bbox 936 2235 1045 2299; x_wconf 89' lang='grc' dir='ltr'><strong><em>τοῖσδε</em></strong></span> <span class='ocrx_word' id='word_1_130' title='bbox 1054 2244 1123 2310; x_wconf 89' lang='grc' dir='ltr'><strong><em>τοῖς</em></strong></span> <span class='ocrx_word' id='word_1_131' title='bbox 1134 2228 1258 2316; x_wconf 89' lang='grc' dir='ltr'><strong><em>άνδρά·</em></strong></span> <span class='ocrx_word' id='word_1_132' title='bbox 1273 2310 1276 2321; x_wconf 88' lang='lat'><em>.</em></span> 
     </span>
     <span class='ocr_line' id='line_1_19' title="bbox 314 2328 1255 2417; baseline 0.001 -20"><span class='ocrx_word' id='word_1_133' title='bbox 314 2350 369 2399; x_wconf 93' lang='grc' dir='ltr'><strong><em>σιν</em></strong></span> <span class='ocrx_word' id='word_1_134' title='bbox 381 2337 427 2409; x_wconf 86' lang='grc' dir='ltr'><strong><em>είς</em></strong></span> <span class='ocrx_word' id='word_1_135' title='bbox 436 2328 474 2398; x_wconf 84' lang='grc' dir='ltr'><strong><em>τό</em></strong></span> <span class='ocrx_word' id='word_1_136' title='bbox 485 2339 593 2409; x_wconf 77' lang='grc' dir='ltr'><strong><em>καλάς</em></strong></span> <span class='ocrx_word' id='word_1_137' title='bbox 604 2332 733 2399; x_wconf 78' lang='grc' dir='ltr'><strong><em>ἐθέλειν</em></strong></span> <span class='ocrx_word' id='word_1_138' title='bbox 743 2328 989 2417; x_wconf 80' lang='grc' dir='ltr'><strong><em>ἀποθνήσκειν,</em></strong></span> <span class='ocrx_word' id='word_1_139' title='bbox 1003 2339 1141 2416; x_wconf 88' lang='grc' dir='ltr'><strong><em>είρηται,</em></strong></span> <span class='ocrx_word' id='word_1_140' title='bbox 1152 2332 1255 2414; x_wconf 87' lang='grc' dir='ltr'><strong><em>γένος,</em></strong></span> 
     </span>
     <span class='ocr_line' id='line_1_20' title="bbox 314 2428 1257 2517; baseline 0.003 -21"><span class='ocrx_word' id='word_1_141' title='bbox 314 2435 458 2515; x_wconf 88' lang='grc' dir='ltr'><strong><em>παιδεία,</em></strong></span> <span class='ocrx_word' id='word_1_142' title='bbox 473 2438 625 2517; x_wconf 75' lang='grc' dir='ltr'><strong><em>χρηστῶν</em></strong></span> <span class='ocrx_word' id='word_1_143' title='bbox 635 2431 903 2517; x_wconf 78' lang='grc' dir='ltr'><strong><em>ἐπιτηδευμάτων</em></strong></span> <span class='ocrx_word' id='word_1_144' title='bbox 912 2430 1092 2515; x_wconf 87' lang='grc' dir='ltr'><strong><em>συνήθεια,</em></strong></span> <span class='ocrx_word' id='word_1_145' title='bbox 1109 2438 1168 2516; x_wconf 86' lang='grc' dir='ltr'><strong><em>τής</em></strong></span> <span class='ocrx_word' id='word_1_146' title='bbox 1183 2428 1257 2515; x_wconf 85' lang='grc' dir='ltr'><strong><em>ὅλης</em></strong></span> 
     </span>
     <span class='ocr_line' id='line_1_21' title="bbox 314 2526 1257 2613; baseline -0.003 -17"><span class='ocrx_word' id='word_1_147' title='bbox 314 2535 475 2606; x_wconf 85' lang='grc' dir='ltr'><strong><em>πολιτείας</em></strong></span> <span class='ocrx_word' id='word_1_148' title='bbox 492 2527 667 2608; x_wconf 80' lang='grc' dir='ltr'><strong><em>ὑπόθεσις·</em></strong></span> <span class='ocrx_word' id='word_1_149' title='bbox 701 2527 778 2598; x_wconf 75' lang='grc' dir='ltr'><strong><em>άδὲ</em></strong></span> <span class='ocrx_word' id='word_1_150' title='bbox 799 2528 882 2597; x_wconf 87' lang='grc' dir='ltr'><strong><em>κατά</em></strong></span> <span class='ocrx_word' id='word_1_151' title='bbox 905 2526 1013 2613; x_wconf 85' lang='grc' dir='ltr'><strong><em>φυλάς</em></strong></span> <span class='ocrx_word' id='word_1_152' title='bbox 1035 2529 1257 2613; x_wconf 87' lang='grc' dir='ltr'><strong><em>παρεκάλεσεν</em></strong></span> 
     </span>
     <span class='ocr_line' id='line_1_22' title="bbox 314 2625 1257 2714; baseline -0.005 -17"><span class='ocrx_word' id='word_1_153' title='bbox 314 2627 471 2706; x_wconf 79' lang='grc' dir='ltr'><strong><em>ἑκάστους</em></strong></span> <span class='ocrx_word' id='word_1_154' title='bbox 488 2626 676 2713; x_wconf 81' lang='grc' dir='ltr'><strong><em>εόροόστους</em></strong></span> <span class='ocrx_word' id='word_1_155' title='bbox 700 2625 800 2713; x_wconf 76' lang='grc' dir='ltr'><strong><em>εἶναι,</em></strong></span> <span class='ocrx_word' id='word_1_156' title='bbox 822 2625 909 2695; x_wconf 88' lang='grc' dir='ltr'><strong><em>ταῦτ’</em></strong></span> <span class='ocrx_word' id='word_1_157' title='bbox 927 2627 990 2714; x_wconf 89' lang='grc' dir='ltr'><strong><em>ήδη</em></strong></span> <span class='ocrx_word' id='word_1_158' title='bbox 1013 2630 1101 2706; x_wconf 80' lang='grc' dir='ltr'><strong><em>λέξοι.</em></strong></span> <span class='ocrx_word' id='word_1_159' title='bbox 1136 2626 1257 2714; x_wconf 84' lang='grc' dir='ltr'><strong><em>ήδεσαυ</em></strong></span> 
     </span>
     <span class='ocr_line' id='line_1_23' title="bbox 314 2722 1258 2815; baseline -0.001 -22"><span class='ocrx_word' id='word_1_160' title='bbox 314 2726 435 2805; x_wconf 89' lang='grc' dir='ltr'><strong><em>πάντες</em></strong></span> <span class='ocrx_word' id='word_1_161' title='bbox 457 2725 659 2815; x_wconf 75' lang='grc' dir='ltr'><strong><em>Ἐρεχθεῖδαι</em></strong></span> <span class='ocrx_word' id='word_1_162' title='bbox 684 2724 745 2794; x_wconf 84' lang='grc' dir='ltr'><strong><em>τόν</em></strong></span> <span class='ocrx_word' id='word_1_163' title='bbox 768 2727 946 2812; x_wconf 81' lang='grc' dir='ltr'><strong><em>έπάνυμον</em></strong></span> <span class='ocrx_word' id='word_1_164' title='bbox 968 2722 1079 2793; x_wconf 79' lang='grc' dir='ltr'><strong><em>αὑτῶν</em></strong></span> <span class='ocrx_word' id='word_1_165' title='bbox 1106 2723 1258 2812; x_wconf 80' lang='grc' dir='ltr'><strong><em>Ἐρεχθέα</em></strong></span> 
     </span>
     <span class='ocr_line' id='line_1_24' title="bbox 314 2821 1258 2912; baseline -0.001 -20"><span class='ocrx_word' id='word_1_166' title='bbox 314 2826 412 2893; x_wconf 75' lang='grc' dir='ltr'><strong><em>ἕνεκα</em></strong></span> <span class='ocrx_word' id='word_1_167' title='bbox 423 2835 484 2892; x_wconf 93' lang='grc' dir='ltr'><strong><em>τοῦ</em></strong></span> <span class='ocrx_word' id='word_1_168' title='bbox 494 2834 598 2892; x_wconf 81' lang='grc' dir='ltr'><strong><em>στῦσαι</em></strong></span> <span class='ocrx_word' id='word_1_169' title='bbox 607 2822 668 2911; x_wconf 89' lang='grc' dir='ltr'><strong><em>τήν</em></strong></span> <span class='ocrx_word' id='word_1_170' title='bbox 678 2826 791 2912; x_wconf 79' lang='grc' dir='ltr'><strong><em>χώραν</em></strong></span> <span class='ocrx_word' id='word_1_171' title='bbox 803 2823 861 2904; x_wconf 84' lang='grc' dir='ltr'><strong><em>τάς</em></strong></span> <span class='ocrx_word' id='word_1_172' title='bbox 872 2822 978 2894; x_wconf 81' lang='grc' dir='ltr'><strong><em>αὑτοῦ</em></strong></span> <span class='ocrx_word' id='word_1_173' title='bbox 989 2829 1123 2911; x_wconf 83' lang='grc' dir='ltr'><strong><em>παῖδας,</em></strong></span> <span class='ocrx_word' id='word_1_174' title='bbox 1137 2823 1177 2904; x_wconf 81' lang='grc' dir='ltr'><strong><em>δὶς</em></strong></span> <span class='ocrx_word' id='word_1_175' title='bbox 1187 2821 1258 2893; x_wconf 73' lang='lat' dir='ltr'><strong><em>‘Ya-</em></strong></span> 
     </span>
     <span class='ocr_line' id='line_1_25' title="bbox 314 2921 1259 3009; baseline 0.001 -19"><span class='ocrx_word' id='word_1_176' title='bbox 314 2926 466 3002; x_wconf 87' lang='grc' dir='ltr'><strong><em>κινθίδας</em></strong></span> <span class='ocrx_word' id='word_1_177' title='bbox 477 2930 647 3009; x_wconf 89' lang='grc' dir='ltr'><strong><em>καλοῦσιν,</em></strong></span> <span class='ocrx_word' id='word_1_178' title='bbox 667 2929 713 3002; x_wconf 87' lang='grc' dir='ltr'><strong><em>είς</em></strong></span> <span class='ocrx_word' id='word_1_179' title='bbox 723 2932 895 3008; x_wconf 87' lang='grc' dir='ltr'><strong><em>προῦπτον</em></strong></span> <span class='ocrx_word' id='word_1_180' title='bbox 904 2924 1055 2991; x_wconf 85' lang='grc' dir='ltr'><strong><em>θάνατον</em></strong></span> <span class='ocrx_word' id='word_1_181' title='bbox 1066 2923 1170 2991; x_wconf 86' lang='grc' dir='ltr'><strong><em>δόντα</em></strong></span> <span class='ocrx_word' id='word_1_182' title='bbox 1179 2921 1259 2991; x_wconf 88' lang='grc' dir='ltr'><strong><em>άυα·</em></strong></span> 
     </span>
     <span class='ocr_line' id='line_1_26' title="bbox 315 3014 1273 3111; baseline 0 -22"><span class='ocrx_word' id='word_1_183' title='bbox 315 3030 427 3089; x_wconf 81' lang='grc' dir='ltr'><strong><em>λῦσαι.</em></strong></span> <span class='ocrx_word' id='word_1_184' title='bbox 461 3018 597 3108; x_wconf 83' lang='grc' dir='ltr'><strong><em>αἰσχρόν</em></strong></span> <span class='ocrx_word' id='word_1_185' title='bbox 615 3014 679 3089; x_wconf 77' lang='grc' dir='ltr'><strong><em>οὖν</em></strong></span> <span class='ocrx_word' id='word_1_186' title='bbox 694 3019 838 3108; x_wconf 88' lang='grc' dir='ltr'><strong><em>ήγοῦυτο</em></strong></span> <span class='ocrx_word' id='word_1_187' title='bbox 854 3022 914 3092; x_wconf 83' lang='grc' dir='ltr'><strong><em>τόν</em></strong></span> <span class='ocrx_word' id='word_1_188' title='bbox 930 3022 991 3109; x_wconf 77' lang='grc' dir='ltr'><strong><em>μὲν</em></strong></span> <span class='ocrx_word' id='word_1_189' title='bbox 1006 3018 1058 3091; x_wconf 80' lang='grc' dir='ltr'><strong><em>ἀπ’</em></strong></span> <span class='ocrx_word' id='word_1_190' title='bbox 1078 3019 1273 3111; x_wconf 88' lang='grc' dir='ltr'><strong><em>άθανάτοινΙ</em></strong></span> 
     </span>
    </p>

    <p class='ocr_par' dir='ltr' id='par_1_5' title="bbox 278 3120 1260 3310">
     <span class='ocr_line' id='line_1_27' title="bbox 278 3120 1259 3211; baseline -0.004 -19"><span class='ocrx_word' id='word_1_191' title='bbox 278 3168 286 3192; x_wconf 59' lang='grc' dir='ltr'><strong><em>ι</em></strong></span> <span class='ocrx_word' id='word_1_192' title='bbox 315 3122 487 3211; x_wconf 80' lang='grc' dir='ltr'><strong><em>πεφυκότα</em></strong></span> <span class='ocrx_word' id='word_1_193' title='bbox 504 3121 612 3188; x_wconf 89' lang='grc' dir='ltr'><strong><em>πάντα</em></strong></span> <span class='ocrx_word' id='word_1_194' title='bbox 629 3136 736 3191; x_wconf 89' lang='grc' dir='ltr'><strong><em>ποιεῖν</em></strong></span> <span class='ocrx_word' id='word_1_195' title='bbox 752 3123 850 3191; x_wconf 80' lang='grc' dir='ltr'><strong><em>ἕνεκα</em></strong></span> <span class='ocrx_word' id='word_1_196' title='bbox 866 3129 929 3189; x_wconf 91' lang='grc' dir='ltr'><strong><em>τοῦ</em></strong></span> <span class='ocrx_word' id='word_1_197' title='bbox 943 3120 1005 3207; x_wconf 89' lang='grc' dir='ltr'><strong><em>τήν</em></strong></span> <span class='ocrx_word' id='word_1_198' title='bbox 1015 3126 1158 3207; x_wconf 88' lang='grc' dir='ltr'><strong><em>πατρίδα</em></strong></span> <span class='ocrx_word' id='word_1_199' title='bbox 1167 3126 1259 3191; x_wconf 80' lang='grc' dir='ltr'><strong><em>ἐλευ-</em></strong></span> 
     </span>
     <span class='ocr_line' id='line_1_28' title="bbox 314 3211 1260 3310; baseline 0.003 -26"><span class='ocrx_word' id='word_1_200' title='bbox 314 3227 476 3307; x_wconf 83' lang='grc' dir='ltr'><strong><em>θερῦσαι,</em></strong></span> <span class='ocrx_word' id='word_1_201' title='bbox 501 3211 595 3290; x_wconf 79' lang='grc' dir='ltr'><strong><em>αὐτοὶ</em></strong></span> <span class='ocrx_word' id='word_1_202' title='bbox 613 3223 648 3291; x_wconf 78' lang='grc' dir='ltr'><strong><em>δὲ</em></strong></span> <span class='ocrx_word' id='word_1_203' title='bbox 666 3230 814 3310; x_wconf 86' lang='grc' dir='ltr'><strong><em>φανήναι</em></strong></span> <span class='ocrx_word' id='word_1_204' title='bbox 824 3222 953 3310; x_wconf 81' lang='grc' dir='ltr'><strong><em>θνητόν</em></strong></span> <span class='ocrx_word' id='word_1_205' title='bbox 963 3229 1056 3308; x_wconf 72' lang='grc' dir='ltr'><strong><em>σῶμα</em></strong></span> <span class='ocrx_word' id='word_1_206' title='bbox 1066 3219 1260 3308; x_wconf 77' lang='grc' dir='ltr'><strong><em>ποιούμενοι</em></strong></span> 
     </span>
    </p>

    <p class='ocr_par' dir='ltr' id='par_1_6' title="bbox 272 3317 1262 3803">
     <span class='ocr_line' id='line_1_29' title="bbox 272 3317 1260 3408; baseline 0.003 -24"><span class='ocrx_word' id='word_1_207' title='bbox 272 3331 306 3384; x_wconf 76' lang='grc'><strong><em>28</em></strong></span> <span class='ocrx_word' id='word_1_208' title='bbox 315 3321 388 3400; x_wconf 75' lang='grc' dir='ltr'><strong><em>περὶ</em></strong></span> <span class='ocrx_word' id='word_1_209' title='bbox 398 3317 580 3407; x_wconf 87' lang='grc' dir='ltr'><strong><em>πλείονοςή</em></strong></span> <span class='ocrx_word' id='word_1_210' title='bbox 592 3321 694 3403; x_wconf 84' lang='grc' dir='ltr'><strong><em>δόξαν</em></strong></span> <span class='ocrx_word' id='word_1_211' title='bbox 704 3320 885 3391; x_wconf 87' lang='grc' dir='ltr'><strong><em>άθάυατον.</em></strong></span> <span class='ocrx_word' id='word_1_212' title='bbox 914 3319 977 3389; x_wconf 82' lang='grc' dir='ltr'><strong><em>οῦκ</em></strong></span> <span class='ocrx_word' id='word_1_213' title='bbox 989 3320 1140 3408; x_wconf 90' lang='grc' dir='ltr'><strong><em>ήγυόουν</em></strong></span> <span class='ocrx_word' id='word_1_214' title='bbox 1148 3326 1260 3406; x_wconf 81' lang='grc' dir='ltr'><strong><em>Αἰγεί-</em></strong></span> 
     </span>
     <span class='ocr_line' id='line_1_30' title="bbox 316 3417 1262 3507; baseline 0.005 -27"><span class='ocrx_word' id='word_1_215' title='bbox 316 3418 370 3480; x_wconf 94' lang='grc' dir='ltr'><strong><em>δαι</em></strong></span> <span class='ocrx_word' id='word_1_216' title='bbox 382 3422 489 3502; x_wconf 85' lang='grc' dir='ltr'><strong><em>Θησέα</em></strong></span> <span class='ocrx_word' id='word_1_217' title='bbox 500 3417 562 3486; x_wconf 85' lang='grc' dir='ltr'><strong><em>τόν</em></strong></span> <span class='ocrx_word' id='word_1_218' title='bbox 572 3423 698 3505; x_wconf 82' lang='grc' dir='ltr'><strong><em>Αἰγέως</em></strong></span> <span class='ocrx_word' id='word_1_219' title='bbox 715 3428 848 3506; x_wconf 78' lang='grc' dir='ltr'><strong><em>πρῶτον</em></strong></span> <span class='ocrx_word' id='word_1_220' title='bbox 864 3427 1037 3506; x_wconf 76' lang='grc' dir='ltr'><strong><em>ἰσηγορίαν</em></strong></span> <span class='ocrx_word' id='word_1_221' title='bbox 1054 3417 1262 3507; x_wconf 83' lang='grc' dir='ltr'><strong><em>καταστησά·</em></strong></span> 
     </span>
     <span class='ocr_line' id='line_1_31' title="bbox 315 3513 1261 3604; baseline 0.002 -25"><span class='ocrx_word' id='word_1_222' title='bbox 315 3537 417 3599; x_wconf 90' lang='grc' dir='ltr'><strong><em>μενον</em></strong></span> <span class='ocrx_word' id='word_1_223' title='bbox 433 3524 474 3604; x_wconf 77' lang='grc' dir='ltr'><strong><em>τῇ</em></strong></span> <span class='ocrx_word' id='word_1_224' title='bbox 492 3518 593 3587; x_wconf 84' lang='grc' dir='ltr'><strong><em>πόλει.</em></strong></span> <span class='ocrx_word' id='word_1_225' title='bbox 629 3517 741 3586; x_wconf 84' lang='grc' dir='ltr'><strong><em>δεινόν</em></strong></span> <span class='ocrx_word' id='word_1_226' title='bbox 757 3513 822 3587; x_wconf 79' lang='grc' dir='ltr'><strong><em>οὖν</em></strong></span> <span class='ocrx_word' id='word_1_227' title='bbox 836 3517 980 3604; x_wconf 83' lang='grc' dir='ltr'><strong><em>ἡγοῦντο</em></strong></span> <span class='ocrx_word' id='word_1_228' title='bbox 997 3523 1185 3603; x_wconf 91' lang='grc' dir='ltr'><strong><em>προδοῦναι</em></strong></span> <span class='ocrx_word' id='word_1_229' title='bbox 1202 3514 1261 3604; x_wconf 87' lang='grc' dir='ltr'><strong><em>τήν</em></strong></span> 
     </span>
     <span class='ocr_line' id='line_1_32' title="bbox 315 3611 1261 3705; baseline 0.004 -27"><span class='ocrx_word' id='word_1_230' title='bbox 315 3614 445 3680; x_wconf 82' lang='grc' dir='ltr'><strong><em>ἐκείνου</em></strong></span> <span class='ocrx_word' id='word_1_231' title='bbox 462 3625 670 3703; x_wconf 88' lang='grc' dir='ltr'><strong><em>προαίρεσιν,</em></strong></span> <span class='ocrx_word' id='word_1_232' title='bbox 692 3620 747 3686; x_wconf 81' lang='grc' dir='ltr'><strong><em>καὶ</em></strong></span> <span class='ocrx_word' id='word_1_233' title='bbox 761 3617 923 3686; x_wconf 78' lang='grc' dir='ltr'><strong><em>τεθνάναι</em></strong></span> <span class='ocrx_word' id='word_1_234' title='bbox 938 3624 1065 3702; x_wconf 83' lang='grc' dir='ltr'><strong><em>μᾶλλον</em></strong></span> <span class='ocrx_word' id='word_1_235' title='bbox 1081 3611 1261 3705; x_wconf 81' lang='grc' dir='ltr'><strong><em>ήροῦντοή</em></strong></span> 
     </span>
     <span class='ocr_line' id='line_1_33' title="bbox 314 3715 1262 3803; baseline 0.006 -25"><span class='ocrx_word' id='word_1_236' title='bbox 314 3717 559 3801; x_wconf 82' lang='grc' dir='ltr'><strong><em>καταλυομένης</em></strong></span> <span class='ocrx_word' id='word_1_237' title='bbox 567 3717 687 3803; x_wconf 84' lang='grc' dir='ltr'><strong><em>ταύτης</em></strong></span> <span class='ocrx_word' id='word_1_238' title='bbox 703 3715 792 3803; x_wconf 88' lang='grc' dir='ltr'><strong><em>παρά</em></strong></span> <span class='ocrx_word' id='word_1_239' title='bbox 808 3730 876 3796; x_wconf 82' lang='grc' dir='ltr'><strong><em>τοῖς</em></strong></span> <span class='ocrx_word' id='word_1_240' title='bbox 889 3715 1022 3801; x_wconf 80' lang='grc' dir='ltr'><strong><em>Ἕλλησι</em></strong></span> <span class='ocrx_word' id='word_1_241' title='bbox 1039 3721 1099 3801; x_wconf 77' lang='grc' dir='ltr'><strong><em>ζῆν</em></strong></span> <span class='ocrx_word' id='word_1_242' title='bbox 1115 3723 1262 3801; x_wconf 78' lang='grc' dir='ltr'><strong><em>φιλογυ-</em></strong></span> 
     </span>
    </p>
   </div>
   <div class='ocr_carea' id='block_1_3' title="bbox 0 0 1594 4409">
    <p class='ocr_par' dir='ltr' id='par_1_7' title="bbox 0 0 1594 4409">
     <span class='ocr_line' id='line_1_34' title="bbox 0 0 1594 4409; baseline 0 0"><span class='ocrx_word' id='word_1_243' title='bbox 0 0 1594 4409; x_wconf 95' lang='lat' dir='ltr'><strong><em> </em></strong></span> 
     </span>
    </p>
   </div>
  </div>
 </body>
</html>
