3159 4409
314 491 378 557 ωε
444 574 448 589 y
528 493 592 550 ιιιι.
617 485 1058 566 [Λυκοωοενονε]

314 653 523 739 μετέχοντας,
545 655 607 717 τοῦ
621 646 652 719 δ’
664 645 858 734 ἀποβαίνειν
875 648 991 734 μόνοις
1007 649 1068 734 μὲν
1084 656 1152 724 τοῖς
1169 650 1263 713 πολί-

314 776 384 828 ταις
395 753 548 829 ἐξουσίαν
558 739 681 833 οὖσαν,
706 747 901 832 ἐφιεμένους
918 745 953 814 δὲ
968 743 1048 826 τούς
1063 749 1262 832 βελτίστους,

269 866 305 918 24
315 847 420 926 οὕτως
432 850 483 914 ἐπὶ
493 854 614 914 τοῦτον
624 844 685 913 τόν
695 843 810 930 άγωνα
827 842 990 930 ὥρμησας.
1021 848 1069 911 ἐτι
1086 841 1124 910 δὲ
1139 847 1263 928 κρίνων

314 944 392 1024 τούς
408 945 471 1032 μὲν
487 942 527 1012 τά
545 942 687 1030 δρομικὰ
704 946 973 1030 γυμναζομένους
989 940 1089 1010 οὐδὲν
1100 939 1186 1026 τιρός
1203 938 1264 1009 άν-

315 1051 428 1131 δρείαυ
445 1041 519 1110 οὐδ’
532 1041 694 1128 εὐψυχίαν
704 1042 903 1129 ἐπιδιδόναι,
923 1040 1001 1121 τοὺς
1011 1043 1048 1111 δὲ
1058 1040 1120 1128 τῆν
1130 1039 1264 1127 πυγμήν

314 1146 368 1212 καὶ
389 1141 430 1211 τά
441 1139 560 1210 τοιαῦτ’
583 1139 791 1228 ἀσκήσαντας
816 1140 899 1224 πρὸς
917 1150 965 1231 τῷ
983 1140 1185 1228 σωματικαὶ
1205 1137 1264 1226 τῆν
1281 1198 1287 1207 ..

213 1296 216 1301 ,
313 1241 452 1327 γνάμήν
462 1245 737 1326 διαφθείρεσθαι,
758 1240 795 1307 τὸ
807 1239 1264 1325 σεμνότατονκαὶκάλλιστον

314 1346 381 1407 τῶν
398 1336 637 1424 ἀγωνισμάτων
654 1340 709 1406 καί
726 1339 868 1424 μάλιστα
880 1337 962 1425 πρὸς
976 1338 1039 1424 τήν
1058 1346 1186 1408 σαυτοῦ
1198 1337 1265 1424 φά-

313 1457 368 1505 σιν
379 1434 543 1524 ἁρμόττον
548 1439 695 1523 έξελέξω,
705 1446 748 1524 τῆ
758 1438 820 1524 μέν
834 1444 997 1527 σννηθείᾳ
1007 1444 1075 1505 τῶν
1086 1436 1202 1506 ὅπλων
1212 1440 1265 1506 καὶ

313 1543 352 1624 τῆ
362 1542 430 1603 των
442 1534 577 1621 δρόμων
587 1544 767 1625 φιλοπονίᾳ
776 1550 845 1615 τοῖς
861 1540 899 1604 ἐν
915 1545 962 1625 τῷ
978 1541 1111 1625 πολέμῳ
1122 1543 1264 1624 συμβαί-

313 1654 432 1703 νουσιν
451 1632 680 1722 άμοιωμένου,
703 1645 744 1723 τῆ
760 1635 797 1703 δέ
812 1643 1076 1722 μεγαλοπρεπείᾳ
1092 1638 1148 1704 καὶ
1158 1643 1200 1724 τῆ
1211 1656 1264 1702 σε·

313 1733 448 1819 μνότητι
464 1741 522 1819 τῆς
532 1741 742 1821 παρασκευῆς
759 1732 843 1818 πρὸς
858 1733 921 1820 τῆν
931 1742 1005 1802 τῶν
1015 1743 1108 1802 θεῶν
1120 1735 1263 1821 δύναμιν

271 1849 303 1902 25
313 1834 524 1917 εἰκασμένον,
547 1831 629 1914 πρὸς
645 1833 680 1901 δὲ
696 1832 826 1911 τούτοις
841 1831 979 1918 ἡδίστην
997 1835 1059 1919 μὲν
1074 1838 1162 1902 θέαν
1179 1839 1262 1919 ἔχον,

313 1932 349 1998 ἐκ
363 1936 523 1997 πλείστων
536 1929 572 1997 δέ
583 1934 637 1999 καί
645 1931 955 1999 παντοδαπωτάτωυ
966 1940 1196 2018 συγκείμενον,
1208 1957 1265 2018 με·

312 2035 434 2113 γίστων
446 2026 476 2094 δ’
489 2027 606 2096 άθλων
618 2028 817 2115 ῆξιωμένον·
839 2030 922 2114 πρὸς
931 2030 995 2115 γάρ
1005 2046 1072 2109 τοις
1080 2033 1264 2116 τιθεμένοις

313 2126 349 2194 τὸ
376 2135 611 2214 γυμνασθῆναι
637 2131 693 2196 καί
719 2135 892 2215 μελετῆσαι
917 2137 1053 2198 τοιαῦτα
1080 2126 1264 2216 οὐμικρόν

315 2221 423 2295 ἆθλον
435 2228 685 2315 προφανήσεται
700 2242 767 2306 τοῖς
782 2231 837 2296 καὶ
855 2235 994 2314 μετρίως
1004 2227 1122 2314 ἀρετῆς
1134 2226 1316 2315 &oapi-1⁴⁰⁹

314 2353 393 2405 νοις.
410 2328 588 2415 τεκμήριον
597 2327 632 2396 δὲ
641 2331 797 2414 μέγιστον
805 2325 848 2393 άν
856 2354 904 2406 τις
915 2326 1086 2414 ποιήσαιτο
1096 2324 1263 2413 τήνὉμή-

314 2451 378 2512 ρου
386 2435 534 2511 ποίησιν,
557 2428 594 2494 ἐν
604 2417 626 2514 ή
636 2429 690 2493 καὶ
701 2423 780 2504 τούς
791 2423 951 2511 Ἕλληνας
967 2429 1023 2492 καί
1040 2423 1118 2505 τούς
1135 2426 1263 2513 βαρβά-

315 2550 395 2608 ρους
404 2523 486 2611 μετά
496 2525 649 2611 τοιαήτής
660 2533 868 2610 παρασκευῆς
886 2524 1135 2610 πολεμήσαντας
1147 2532 1264 2592 πεποί-

314 2649 394 2709 ῆκευ
406 2621 574 2709 ἀλλήλοις·
598 2629 644 2690 ἔτι
661 2625 697 2692 δὲ
708 2625 763 2690 καὶ
774 2630 840 2690 νῦν
850 2630 919 2689 τεᾶν
930 2622 1060 2691 πόλεων
1073 2619 1263 2710 τῶνἙλλή-

313 2727 415 2790 νίδωυ
434 2721 476 2790 οὐ
492 2737 562 2802 ταῖς
577 2721 840 2806 ταπεινοτάταις,
864 2719 948 2788 άλλά
964 2734 1034 2798 ταῖς
1050 2729 1219 2805 μεγίσταις
1228 2725 1263 2788 έν

270 2834 380 2898 νθτοῑς
390 2818 496 2904 άγώσι
507 2828 651 2905 χρῆσθαι
663 2819 810 2904 σύνηθές
821 2821 917 2886 ἐστιν.
950 2816 1047 2905 ῆμὲν
1063 2810 1127 2886 οὖν
1145 2826 1263 2904 προαί

313 2940 402 3001 ρεσις
412 2916 500 2984 οὕτω
511 2916 594 3003 καλή
606 2921 661 2985 καὶ
671 2916 760 3004 παρά
772 2925 874 2985 πᾶσιν
884 2915 1078 3000 ἀνθρώποις
1092 2915 1262 3006 ήγαπήμέ-

314 3043 363 3102 νη.
383 3021 524 3101 νομίζων
536 3013 567 3080 δ’
580 3013 679 3083 οὐδὲν
690 3014 774 3083 εἶναι
785 3015 1032 3101 προάργουτων
1042 3017 1263 3086 σπουδαιοτά-

313 3141 380 3182 των
391 3120 567 3199 ἐπιθυμεῖν
578 3111 656 3183 οὐδὲ
667 3122 775 3193 καλῶς
785 3113 868 3198 πρός
878 3113 1007 3181 άπαντα
1017 3111 1069 3182 ιἰεί
1079 3120 1264 3201 πεφυκέναι

313 3213 349 3280 τό
368 3222 462 3299 σῶμα
479 3213 524 3299 μῆ
541 3221 599 3300 τῆς
614 3220 720 3299 ψυχῆς
742 3219 922 3298 φιλοτίμως
942 3217 1262 3299 παρεσκευασμένης,

312 3309 374 3394 τῆν
386 3314 447 3396 μέν
458 3319 660 3398 φιλοπονίαν
670 3309 798 3389 εὐθέως
808 3314 844 3378 ἐν
858 3321 1130 3398 τοίςγνμνασίοις
1141 3315 1264 3380 ε’πιδει-

314 3406 450 3492 ξάμενος
461 3408 534 3477 οὐδ’
549 3415 587 3479 ἐν
598 3424 666 3489 τοῖς
676 3415 783 3496 ἔργοις
793 3412 941 3498 ἐψεύσω,
952 3410 1016 3498 τῆν
1029 3410 1061 3480 δ’
1075 3410 1181 3498 άλλην
1192 3415 1263 3481 ἐπι-

314 3504 456 3589 φάνειαν
472 3516 529 3595 τῆς
548 3517 675 3577 σαυτοῦ
694 3510 827 3594 φάσεως
844 3514 899 3578 καί
919 3508 981 3597 τῆν
999 3517 1057 3597 τῆς
1076 3517 1183 3596 ψυχῆς
1202 3507 1264 3577 άν-

271 3624 303 3678 27
314 3607 428 3686 δρείαν
438 3607 552 3684 ἐντοῖς
568 3606 674 3692 άγολσι
690 3607 816 3695 μάλιστ’
830 3611 988 3688 ἐνεδείξω.
1021 3609 1095 3692 περὶ
1113 3600 1164 3676 οἷν
1174 3605 1264 3677 ὀκνοῖ

313 3700 373 3786 μὲν
392 3699 555 3788 ἄρξασθαι
576 3709 699 3796 λέγειν,
717 3710 761 3795 μή
781 3716 914 3795 λειφδιδ
928 3717 976 3799 τῷ
995 3707 1084 3797 λόγφ
1101 3715 1171 3776 των
1189 3707 1265 3776 τότε
