3159 4409
591 490 936 555 ΕΠΙΤΑΦΙΟΣ.
1174 486 1237 551 319

288 664 431 734 πλοῦτος
441 656 497 722 καὶ
508 651 544 722 τὸ
556 653 653 738 τάχος
663 648 746 737 καὶὴ
765 647 858 735 ἰσχῦς
873 652 929 718 καὶ
939 647 1003 717 ὅσα
1013 649 1097 718 ἄλλα
1107 647 1236 727 τούτοις

289 753 387 840 ὅμοια
399 750 574 839 αὐτάρκεις
585 756 648 838 ἔχει
659 748 717 828 τάς
727 747 859 835 ὀνήσεις
868 763 936 828 τοῖς
945 752 1169 836 κεκτημένοις,
1180 747 1235 814 καὶ

289 859 469 938 κρατοῦσιν
480 853 516 918 ἐν
527 847 649 932 αὐτοῖς,
661 843 711 927 οἷς
721 843 765 915 άν
775 855 881 935 παρή,
900 842 964 915 κάν
975 848 1087 933 μηδεὶς
1097 853 1164 913 των
1176 844 1235 913 άλ-

290 959 360 1018 λων
374 949 548 1038 βούληται·
578 945 648 1034 ήδδ
663 953 731 1014 τῶν
748 945 858 1032 λόγων
868 944 974 1015 πενδω
986 954 1044 1032 της
1054 953 1122 1013 τοῖν
1133 941 1236 1012 άκου-

241 1110 244 1116 .
290 1049 399 1116 όντων
410 1044 541 1126 εὐνοίας
551 1050 763 1131 προσδεῖται,
779 1047 835 1113 καί
851 1045 932 1131 μετά
942 1046 1064 1132 ταύτης
1074 1043 1151 1131 μὲν,
1173 1037 1238 1110 κάν

289 1155 426 1233 μετρίως
436 1151 536 1234 ῥηθῇ,
546 1145 647 1225 δόξαν
654 1143 773 1231 ήνεγκε
784 1146 841 1213 καί,
848 1143 945 1231 χάριν
955 1156 1143 1228 προσποιεί,
1156 1139 1238 1208 άνευ

291 1247 327 1314 δὲ
338 1247 471 1332 ταύτης,
493 1241 557 1313 κάν
567 1242 737 1333 ῦπερβάλη
748 1250 795 1332 τῷ
808 1237 916 1327 λέγειν
926 1251 1050 1328 καλοῖς,
1073 1243 1237 1326 προσέστη

247 1351 257 1411 Τ
289 1343 558 1424 τοῖςάκούονσιν.
1165 1368 1167 1372 ·

245 1465 281 1518 15
375 1439 488 1511 Πολλά
499 1448 616 1509 τοίνυν
632 1446 715 1528 ἔχων
733 1446 836 1509 εἰπεῖν
852 1433 902 1508 οῦν
915 1445 984 1512 οἵδε
996 1439 1176 1525 πράξαντες
1187 1443 1237 1505 δι-

291 1547 392 1618 καίως
412 1540 704 1625 ἐπαινεθήσονται,
724 1537 836 1624 ἐπειδή
858 1535 941 1622 πρὸς
962 1537 1072 1616 αὐτοῖς
1091 1539 1155 1623 εἰμί
1171 1549 1238 1613 τοῖς

291 1643 399 1722 ἔργοις
406 1687 415 1720 ,
438 1634 553 1721 άπορω
571 1643 605 1703 τί
623 1642 755 1724 πρῶτον
775 1646 872 1704 ελπω·
910 1636 1153 1722 προσιστάμενα
1172 1633 1237 1719 γάρ

293 1735 401 1803 πάντα
413 1740 458 1813 είς
469 1737 528 1802 ἕνα
538 1733 656 1820 καιρὸν
666 1735 845 1822 δύσκριτον
855 1742 1034 1821 καθίστησί
1047 1760 1103 1821 μοι
1113 1731 1175 1822 τήν
1186 1737 1238 1800 αἵ-

293 1854 385 1917 ρεσιν
396 1831 514 1903 αῦτιῦυ.
544 1831 585 1902 οῦ
596 1831 663 1920 μήν
675 1830 758 1901 άλλά
770 1834 966 1920 πειράσομαι
975 1833 1038 1920 τήν
1047 1829 1153 1918 αὐτήν
1162 1857 1238 1900 ποι-

291 1932 439 2018 ήσασθαι
450 1941 511 2000 τοῦ
522 1933 623 2018 λόγον
648 1939 742 2016 τάξιν
762 1931 847 2020 ἥπερ
858 1931 982 2020 ὑπῆρξε
998 1940 1058 2002 τοῦ
1068 1939 1146 2020 βίον
1157 1932 1238 2001 τού-

247 2055 282 2109 16
290 2056 366 2111 τοις.
391 2036 459 2099 οἵδε
469 2031 533 2118 γάρ
545 2034 578 2112 ἐξ
590 2029 690 2118 άρχῆς
700 2034 737 2100 ἐν
747 2038 829 2099 πάσι
843 2045 910 2111 τοῖς
921 2031 1142 2117 παιδεύμασιν
1151 2022 1238 2116 ἦσαν

290 2132 474 2216 ἐπιφανείς,
498 2129 538 2199 τά
550 2135 717 2216 πρέποντα
732 2128 808 2198 καθ’
820 2129 952 2216 ἡλικίαν
969 2128 1148 2207 ἀσκοῦντες
1160 2129 1238 2197 ἑκά·
1323 2193 1328 2202 ,

291 2248 389 2315 στην,
409 2232 464 2297 καὶ
474 2238 576 2297 πᾶσιν
586 2229 780 2315 ἀρέσκοντες
790 2225 840 2306 οἷς
849 2227 927 2312 χρὴ,
944 2235 1097 2312 γονεῦσι,
1119 2233 1237 2311 φίλοις,

292 2333 429 2406 οἰκείοις.
453 2335 632 2412 τοιγαροῦν
644 2324 753 2409 οἵσπερ
766 2335 838 2409 ίχνη
850 2331 1053 2409 γνωρίζουσα
1063 2332 1129 2393 νῦν
1139 2322 1160 2409 ή
1172 2331 1240 2391 τῶν

293 2431 424 2492 οἰκείων
436 2422 548 2502 αύτοίς
558 2426 613 2491 καὶ
624 2429 732 2507 φίλων
741 2422 854 2507 μνήμη
871 2429 982 2488 πᾶσαν
994 2420 1087 2505 ω’ραν
1098 2423 1148 2487 ἐπὶ
1159 2421 1240 2488 τού-

291 2549 368 2602 τους
379 2527 512 2608 φέρεται
522 2530 569 2610 τῷ
578 2519 688 2609 πόθῳ,
702 2517 808 2587 πολλά
819 2515 1037 2605 ὑπομνήματα
1048 2518 1240 2605 λαμβάνου-

250 2638 282 2694 17
291 2640 348 2707 σα,
371 2624 407 2688 ἔν
425 2615 473 2698 οἷς
490 2619 627 2708 συνῄδει
642 2618 771 2697 τούτοις
787 2615 931 2705 άρίοτοις
942 2610 1047 2686 οῦσιν.
1080 2615 1191 2704 ε’ττειδή
1204 2618 1239 2686 δὲ
1249 2629 1315 2684 1394

291 2727 339 2799 εἰς
348 2719 470 2803 ἄνδρας
482 2717 652 2806 άφίκοντο,
665 2715 705 2785 ού
717 2718 825 2804 μόνον
834 2730 902 2797 τοίς
913 2723 1058 2795 πολίταις
1068 2717 1238 2803 γυύριμον

290 2815 475 2903 τήναῦτων
498 2817 617 2902 φύσιν,
639 2814 788 2895 άλλάκαί
810 2825 911 2884 τάσιν
932 2814 1124 2902 ἀνθρώποις
1144 2819 1239 2882 κατέ-

292 2936 425 2999 στησαν.
448 2923 516 2993 ἔστι
526 2918 590 3002 γάρ
600 2967 609 3000 ,
620 2921 709 2983 ἔστιν
720 2913 849 3002 ἁπάσης
859 2913 977 3002 άρετῆς
988 2912 1070 3001 άρχή
1083 2915 1144 3001 μὲν
1156 2914 1240 2980 σύν-

293 3033 370 3098 εσις,
383 3017 482 3100 πέρας
492 3015 528 3083 δὲ
539 3013 690 3097 άνδρεία·
709 3017 764 3083 καὶ
774 3023 815 3103 τῇ
825 3017 886 3101 μὲν
895 3016 1099 3101 δοκιμάζεται
1109 3020 1143 3081 τί
1151 3039 1238 3096 πρα-

291 3116 388 3180 κτέον
400 3115 466 3180 ἐστί
473 3162 482 3197 ,
503 3121 543 3200 τῇ
555 3116 590 3181 δὲ
601 3115 743 3193 σώζεται.
775 3117 812 3182 έν
822 3115 950 3192 τούτοις
962 3113 1158 3200 άμφοτέροις
1169 3115 1238 3179 οἵδε

247 3229 282 3283 18
291 3208 377 3279 πολύ
399 3210 584 3297 διήνεγκαν.
617 3210 756 3298 καλγάρ.
773 3223 806 3281 εί
820 3239 869 3291 τις
886 3213 1006 3297 ἐφύετο
1027 3209 1138 3289 κοινάς
1157 3217 1237 3280 πάσι

289 3315 446 3388 κίνδυνος
455 3324 522 3388 τοῖς
534 3306 706 3398 Ἕλλησιν,
730 3302 823 3379 οῦτοι
839 3318 963 3395 πρῶτοι
979 3313 1170 3395 προείδοντο
1182 3313 1237 3378 καί

289 3411 448 3490 πολλάκις
464 3416 510 3489 είς
529 3417 698 3496 σωτηρίαν,
710 3408 859 3487 ἅπαντας
880 3406 1121 3493 παρεκάλεσαν·
1152 3408 1236 3492 ὅπερ

290 3509 422 3595 γνωμης
440 3507 602 3590 άπύδειξίς
619 3512 708 3577 ἐστιν
725 3502 764 3576 εῦ
782 3507 979 3594 φρονούσης.
1008 3509 1063 3574 καὶ
1079 3506 1236 3594 τήςπαρά

289 3606 514 3694 τοίςἜλλησιν
524 3608 659 3693 άγνοίας
669 3609 867 3696 μεμιγμένης
877 3613 991 3694 κακίᾳ,
1003 3604 1048 3675 ὅτ’
1060 3610 1140 3694 ἐνῆν
1154 3611 1236 3672 ταῦ-

289 3733 329 3774 τα
340 3707 481 3775 κωλύειν
492 3705 665 3794 άσφαλῦς,
686 3704 726 3774 τά
737 3705 798 3794 μὲν
808 3703 850 3778 ού
861 3705 1066 3792 προοράσης,
1089 3704 1129 3773 τά
1142 3700 1174 3771 δ’
1187 3709 1233 3770 εί-
