3159 4409
313 486 383 551 σοι
533 459 1040 585 'mmmmm

272 671 305 724 12
313 650 392 727 τούς
402 635 703 734 παραταξαμένους,
716 644 799 732 πρὸς
810 641 867 724 οὓς
877 648 953 734 περὶ
958 654 1030 715 τῶν
1040 646 1130 716 ὅλων
1143 650 1270 716 διεκιν-

313 749 491 831 δάνευσεν,
508 743 572 815 οάιι
583 745 740 832 ἐτόλμησε
751 749 851 830 δῆσαι
860 742 897 812 τὰ
909 751 1011 812 τίνων
1021 749 1076 814 καὶ
1084 751 1173 824 τίνες
1184 747 1269 814 εἰσὶν

312 847 479 928 ἐξετάσας·
502 844 543 913 οά
559 842 641 931 γάρ,
667 841 711 922 οδς
728 848 853 929 ἔοικεν,
875 840 996 930 ὁμοίως
1011 853 1080 912 τοῖν
1091 841 1172 930 παρ’
1186 841 1269 931 ὑμῖν

312 946 463 1035 ῥητόρων
479 947 579 1022 ἐνίοις
595 940 674 1011 οὔτε
690 946 802 1012 δίκαια
819 937 863 1010 δν
875 943 959 1010 εἶναι
971 941 1054 1028 πρὸς
1065 941 1216 1022 ἅπαντας
1225 929 1267 1011 τά

312 1042 396 1113 αὐτὰ
408 1042 486 1115 οὔτε
497 1040 582 1109 καλαὶ
592 1039 712 1128 ἡγεῖτο,
725 1038 809 1109 ἄλλά
820 1044 884 1127 τήν
895 1049 953 1128 τῆς
963 1038 1054 1123 άξίας
1064 1041 1267 1128 προσθήκην

271 1161 304 1215 13
312 1143 587 1229 συλλογιζόμενος
602 1137 643 1208 τά
659 1137 787 1207 τοιαῦτ’
798 1143 977 1223 ἐπέκρινεν.
1012 1137 1104 1226 ὑμεῖς
1115 1138 1160 1227 δ’,
1171 1139 1267 1220 ὅντες

310 1242 480 1329 Ἀθηναῖοι
498 1242 554 1329 καὶ
570 1243 718 1318 παιδείας
733 1243 937 1324 μετέχοντες,
959 1234 981 1323 ή
998 1241 1053 1304 καὶ
1068 1235 1147 1316 τούς
1168 1236 1267 1311 ιἰναι-

311 1343 458 1427 σθήτους
468 1335 628 1416 ἀνεκτοὺς
638 1349 745 1404 ποιεῖν
755 1341 851 1404 δοκεῖ
858 1335 1036 1421 δύνασθαι,
1047 1343 1182 1420 πρῶτον
1192 1338 1264 1426 μὲν,

312 1437 332 1507 δ
348 1440 484 1507 πάντων
502 1435 798 1523 ἀγνωμονέστατον
814 1437 899 1519 ἐστι,
920 1436 996 1522 περὶ
1008 1427 1057 1502 άν
1067 1431 1129 1502 τδν
1139 1437 1265 1519 πατέρα

311 1543 481 1606 αίτισῐνταί
488 1561 584 1620 τινες,
595 1533 675 1612 τοδς
685 1538 766 1613 υῖεῖς
775 1537 939 1618 δεδέκατε,
951 1532 1019 1601 εἶτα
1027 1530 1065 1601 τὰ
1074 1539 1182 1600 ταῦτα
1190 1558 1266 1602 ποι-

310 1651 360 1704 εῖν
370 1646 445 1704 ῖσον
456 1633 539 1702 εἶναι
549 1633 647 1719 φατὲ,
661 1631 772 1718 ωὀπερ
783 1629 868 1718 ὑπὲρ
880 1640 1041 1718 σταθμῶν
1052 1629 1218 1719 ήμέτρων
1227 1632 1264 1703 τό

310 1743 385 1801 ῖσον
396 1732 630 1817 σκοπούμενοι,
639 1727 714 1799 ἀλλ’
730 1730 791 1817 οὐχ
801 1728 885 1816 ὑπὲρ
895 1728 1030 1818 ἄνδρων
1041 1734 1265 1818 προαιρέσεως

268 1833 364 1898 τεκαὶ
375 1835 539 1907 πολιτείας
549 1829 798 1916 βουλευόμενοι,
811 1833 849 1898 ἐν
858 1823 908 1908 οἷς
916 1832 1154 1915 ἐξεταζομένοις
1165 1836 1197 1898 εί
1203 1830 1264 1916 μὲν
1272 1840 1327 1898 1478

309 1926 433 2014 χρηστά
449 1928 504 1992 καὶ
521 1926 681 2012 δημοτικά
692 1929 747 1995 καὶ
757 1926 811 1996 ἐπ’
825 1924 941 2016 εάνοίη
951 1925 992 1997 τά
1002 1928 1190 2019 Λυκούργῳ
1203 1953 1264 1996 πε-

310 2024 481 2110 πραγμένα
493 2027 660 2108 φαίνεται,
672 2026 815 2109 μηδενός
824 2034 948 2111 κακοῦ,
965 2025 1050 2096 άλλά
1060 2030 1116 2096 καὶ
1126 2029 1263 2096 πάντων

308 2131 377 2190 των
386 2120 527 2207 άγαθοῐν
536 2120 743 2202 τοδςπαῖδας
753 2121 1000 2195 αὐτοῦδίκαιόν
1010 2129 1078 2194 ἐστι
1085 2126 1261 2212 τυγηάνειν

309 2219 388 2309 παρ’
401 2219 513 2308 ὑμεῖν·
536 2219 779 2290 είδέτόιναντία
797 2223 941 2311 τούτων,
964 2227 1108 2310 ἐκεῖνον,
1132 2221 1184 2291 ὅτ’
1198 2229 1263 2315 ἔζη,

309 2327 374 2390 ἐδει
385 2327 481 2408 δίκην
492 2320 630 2408 διδόναι,
639 2322 782 2407 τούτους
794 2322 830 2390 δέ
839 2321 913 2410 μηδ’
926 2321 1043 2406 οὕτως,
1055 2319 1104 2406 ἐφ’
1117 2319 1168 2401 οἷς
1178 2324 1264 2390 ἑκεί-

268 2534 300 2586 15
310 2527 378 2587 τοῖν
388 2516 632 2605 ἁμαρτημάτων
643 2518 722 2607 ὅρος
734 2523 801 2588 ἐστὶ
811 2521 955 2608 τελευτή.
988 2522 1058 2588 ἐπεὶ
1068 2528 1103 2587 εί
1109 2518 1143 2604 γ’
1156 2517 1263 2598 οὕτως

309 2620 395 2698 ἕξετε
413 2615 500 2684 ὥσθ’
518 2621 552 2698 οί
566 2618 627 2703 μὲν
637 2615 858 2704 ἀχθεσθέντες
869 2645 900 2687 τι
909 2633 977 2698 τοῖς
986 2617 1070 2705 ὑπὲρ
1079 2627 1143 2686 τοῦ
1155 2619 1262 2706 δήμου

309 2721 573 2803 πολιτευομένοις
598 2720 680 2804 μηδὲ
700 2717 783 2802 πρὸς
804 2719 1060 2804 τελευτήσαντας
1081 2718 1263 2804 διαλλαγή-

309 2817 439 2899 σονται,
461 2813 544 2882 άλλά
560 2818 616 2883 καὶ
632 2829 701 2894 τοῖς
717 2820 809 2885 παισὶ
824 2816 888 2903 τήν
898 2822 1024 2902 ἔχθραν
1035 2818 1262 2902 διαφυλάξου-

309 2934 380 3000 σιν,
393 2910 460 2981 ὁδὲ
471 2917 589 2999 δῆμος,
602 2905 631 3003 ᾦ
641 2921 895 3000 συναγωνίζεται
906 2923 973 2983 τοῖν
984 2919 1172 3001 δημοτικῶν
1182 2917 1262 2984 ἐκα-

309 3032 400 3098 στος,
424 3014 517 3098 μέχρι
536 3020 598 3079 τοῦ
618 3014 782 3100 παρόντος
804 3023 948 3102 χρῆσθαι
964 3015 1187 3101 μνημονεύσει
1203 3013 1262 3095 τὰς

308 3112 456 3197 χάριτας,
469 3107 548 3196 μετά
560 3119 664 3179 ταῦτα
675 3113 711 3181 δὲ
722 3114 826 3200 μηδὲν
837 3128 1001 3200 φροντιεῖ,
1021 3111 1120 3187 οὐδὲν
1130 3112 1262 3182 άθλιιό-

308 3235 407 3294 τερον
424 3216 513 3279 ἐσται
531 3218 593 3278 τοῦ
608 3209 670 3297 τήν
686 3209 769 3297 ὑπὲρ
786 3222 848 3281 τοῦ
860 3213 967 3300 δήμου
981 3210 1072 3292 τάξιν
1082 3216 1260 3298 αἱρείσθω.

267 3311 300 3365 16
391 3313 436 3375 Et
454 3309 491 3376 δὲ
506 3315 700 3395 Μοιροκλῆς
714 3311 928 3399 άποκρίνεται
948 3310 1128 3395 ταῦταμὲν
1144 3310 1262 3397 σοφω-

307 3427 386 3488 τερα
397 3399 419 3487 ή
430 3402 510 3472 καθ’
526 3404 646 3473 ἑαυτὸν
657 3406 756 3492 εἶναι,
773 3413 829 3479 ἵνα
841 3408 879 3477 ,δέ
889 3406 933 3495 μή
946 3407 1146 3494 άποδρῶσιν,
1160 3407 1262 3490 αὐτὸς

308 3496 432 3579 αὐτοὺς
449 3504 561 3587 δῆσαι,
584 3505 765 3591 ἐρωτήσατ’
782 3504 905 3593 αὐτόν,
927 3504 1025 3594 ήνίκα
1039 3510 1188 3592 Ταυρέας
1204 3512 1260 3577 καὶ

289 3607 292 3614 ’
307 3601 472 3676 Πάταικος
489 3602 544 3668 καὶ
551 3598 797 3689 Ἀριστογείτων
808 3608 862 3674 καὶ
872 3604 972 3686 αὐτὸς
983 3613 1029 3686 είς
1038 3605 1075 3674 τὸ
1087 3608 1261 3695 δεσμωτή-

308 3723 382 3784 ριον
399 3700 646 3796 παραδοθέντες
661 3700 703 3770 οὐ
719 3705 828 3789 μόνον
845 3703 908 3773 οὐκ
919 3709 1083 3789 ἐδέδεντο,
1108 3705 1261 3776 ἀλλὰκαὶ
