3159 4409
380 482 382 491 ’
483 496 1021 571 ἀεοπενοονιιπεια
1173 507 1237 572 253

288 667 377 738 ταῦτ’
390 667 481 736 εἶναι.
511 670 580 737 ἐπεὶ
590 671 645 736 καὶ
655 664 739 735 τοῦτ’
752 673 814 752 ἐχω
826 667 997 735 δεικνύναι
1006 670 1182 756 τεκμήριον
1193 668 1237 751 ὡς

288 771 511 854 συνέστησαν·
541 773 577 836 ἐκ
592 792 628 834 τε
644 767 709 855 γάρ
726 773 788 835 τοῦ
799 765 911 853 ’ὅρκου
928 767 1101 854 ἐξήλειψαν
1117 767 1154 836 τό
1171 784 1237 855 ψη-

288 876 438 952 φιεῖσθαι
453 865 569 954 γνώμη
585 873 626 954 τῇ
642 865 831 953 δικαιοτάτῃ
842 867 897 933 καὶ
913 864 990 933 ούτε
1006 866 1138 952 χάριτος
1154 865 1235 934 ἕνεκ’

244 987 279 1042 64
289 962 356 1034 οὔτ’
370 971 500 1052 ἔχθρας.
532 968 588 1034 καὶ
604 963 670 1052 γάρ
686 973 785 1035 τοῦτο
802 961 953 1050 φανερόν
969 967 1098 1050 ἐγένετο
1115 968 1171 1032 καλ
1187 963 1239 1032 ὅτι

288 1066 561 1152 ἱεροσυλήσαντες
577 1064 617 1133 τά
635 1063 721 1132 ὅπλα
739 1064 915 1150 (εἰρήσεται
930 1061 1009 1148 γάρ)
1031 1059 1054 1130 δι’
1074 1061 1139 1148 ἐγιό
1161 1059 1239 1130 ἀνέ-

288 1174 379 1252 θηκα
390 1173 430 1252 τῇ
439 1161 582 1254 Ἀθηνᾷ,
606 1167 661 1232 καὶ
673 1161 710 1232 τό
722 1164 876 1250 ψήφισμα
886 1162 1128 1243 ἐκκολάψαντες
1138 1159 1158 1231 δ
1168 1165 1239 1249 ἐμοὶ

287 1266 491 1349 ἐψηφίσαντο
508 1267 543 1331 οί
557 1263 711 1350 δημόται,
737 1262 939 1347 συνώμνυον
957 1252 1051 1330 οῦτοι
1067 1258 1113 1330 ἐπ’
1134 1261 1190 1347 ἐμὲ
1206 1266 1240 1329 οί
1247 1271 1315 1326 1319

287 1358 343 1427 ὑπ’
366 1365 448 1446 ἐμοῦ
468 1359 508 1430 τά
529 1360 625 1430 κοινά
654 1363 918 1448 είσπραχθέντες.
961 1364 1016 1428 καὶ
1036 1365 1082 1439 είς
1101 1357 1234 1427 τοσοῦτ’

287 1458 455 1539 ἀναιδείας
477 1458 680 1545 ἐληλύθασιν
699 1456 772 1526 ὥστ’
784 1463 899 1542 ἔλεγον
915 1458 1098 1543 περιιόντες
1114 1457 1170 1545 ἐμὲ
1181 1466 1238 1544 τῆς

287 1558 465 1643 ἀπολογίας
477 1561 590 1626 ἕνεκεν
601 1565 705 1625 ταῦτα
716 1564 861 1642 ποιήσαι.
888 1558 943 1625 καὶ
959 1563 1007 1636 τίς
1016 1554 1113 1642 ύμολν
1124 1553 1167 1625 ἀν
1177 1583 1238 1624 κα·
1347 1639 1350 1644 .

283 1662 423 1741 -ταγνοίη
443 1681 509 1740 μου
529 1655 694 1740 τοσαύτην
719 1663 859 1742 μανίαν,
889 1646 1056 1740 ιάἀνδρες
1078 1657 1237 1741 δικασταὶ,

290 1755 374 1822 ὥστε
395 1754 597 1841 τηλικούτων
617 1755 730 1822 ἕνεκεν
749 1753 833 1840 πρός
848 1753 885 1821 τό
902 1761 1038 1839 πρᾶγμα
1053 1759 1238 1840 τεκμηρίων

287 1853 362 1934 ἀξια
380 1853 533 1921 θανάτου
553 1853 815 1940 διαπράξασθαι,
838 1856 894 1921 καί
914 1848 936 1919 δ
956 1853 1037 1937 ἐμοί’
1049 1858 1237 1937 φιλοτιμίαν

243 1967 275 2021 65
286 1961 400 2040 ἔφερε,
417 1950 512 2022 ταῦτ’
527 1951 713 2039 ἀφανίζεινς
736 1951 774 2020 τό
786 1952 822 2020 δὲ
839 1953 975 2019 πάντων
991 1949 1182 2018 δεινότατον
1195 1948 1237 2016 ού
1286 1988 1290 1999 ,

286 2053 395 2141 δήπου
405 2079 443 2139 γε
454 2052 596 2140 φήσαιεν
606 2048 650 2119 ἀν
661 2052 716 2139 ἐμὲ
725 2051 979 2120 κατασκευάσαι.
1009 2048 1051 2118 ού
1069 2051 1134 2136 γάρ
1146 2055 1235 2136 ἔφθη

285 2177 341 2237 μοι
362 2158 517 2238 συμβᾶσα
537 2149 557 2237 ή
582 2149 716 2237 ἀτυχία,
739 2155 794 2219 καὶ
811 2148 933 2235 εὐθύς,
956 2147 1067 2233 ὥσπερ
1087 2148 1237 2233 φυγάδος

285 2248 347 2336 ήδη
367 2275 432 2336 μου
450 2247 547 2328 ὄντος
562 2252 616 2319 καὶ
634 2248 861 2331 ἀπολωλότος,
883 2249 1013 2315 τούτων
1025 2249 1112 2327 τινὲς
1129 2250 1181 2315 ἐπὶ
1198 2247 1236 2314 τό

286 2353 425 2416 οίκίδιον
443 2346 598 2425 ἐλθόντες
616 2351 653 2415 ἐν
671 2346 764 2433 ἀγρῷ
782 2347 915 2431 νύκτωρ
933 2350 1145 2431 ἐπεχείρησαν
1163 2351 1236 2411 δια-

286 2455 432 2534 φορῆσαι
448 2444 631 2513 τάνδοθεν·
654 2445 742 2514 οὕτω
759 2445 892 2531 σφόδρα
909 2441 1005 2529 ὑμῶν
1020 2447 1075 2512 καὶ
1092 2453 1160 2511 τῦυ
1177 2445 1238 2510 νό-

285 2572 358 2631 μων
369 2543 631 2631 κατεφρόνησαν.
657 2547 713 2614 καὶ
724 2551 828 2612 ταῦτα
837 2542 918 2623 τούς
929 2543 1072 2626 εἰδότας,
1084 2541 1144 2611 έάυ
1155 2545 1238 2630 βού-

285 2653 405 2732 λησθε,
420 2651 605 2731 καλοῦμεν.
1253 2708 1255 2716 ,

243 2749 278 2804 66
371 2741 486 2812 Πολλά
500 2741 532 2810 δ’
547 2750 631 2830 ἐχων
641 2745 698 2812 καὶ
709 2742 795 2811 ἀλλα
805 2745 976 2828 ἐπιδεῖξαι,
993 2739 1016 2810 δι’
1030 2742 1161 2822 τούτοις
1170 2743 1238 2810 ἐστὶ

287 2848 557 2930 διαπεπραγμένα
573 2846 629 2913 καὶ
640 2841 663 2912 ἀ
675 2850 758 2913 εἰσιν
774 2844 987 2929 ἐψευσμένοι,
1008 2837 1113 2928 ἡδέως
1122 2844 1184 2926 μὲν
1194 2836 1238 2908 ἀν

287 2938 368 3026 ὑμῖν
379 2945 514 3028 λέγοιμι,
527 2941 639 3028 ἐπειδή
651 2943 687 3010 δέ
697 2947 757 3022 ἐξω
768 2950 831 3010 τοῦ
840 2942 1031 3028 πράγματος
1041 2939 1180 3027 νομιξεά
1190 2938 1238 3007 εί-

288 3066 354 3124 υαι,
366 3039 463 3106 ἐάσω.
489 3039 727 3128 ἀναμνήσθητε
738 3040 769 3109 δ’
783 3045 930 3128 ἐκείνων,
942 3044 998 3110 καὶ
1008 3041 1182 3110 θεάσασθε
1194 3037 1239 3118 οἱς

288 3135 394 3207 πολλά
413 3140 467 3207 καὶ
486 3144 595 3208 δίκαια
610 3145 694 3226 ἔχων
710 3142 794 3228 πρός
810 3140 897 3228 ύμῦς
918 3141 999 3226 ήκω.
1041 3140 1151 3225 ὥσπερ
1174 3139 1238 3227 γάρ

287 3235 367 3316 τούς
384 3240 593 3324 θεσμοθέτας
606 3235 804 3328 άνακρίνεό,
831 3239 895 3326 ἐγιδ
912 3243 972 3309 τόν
992 3237 1097 3308 αύιδν
1113 3241 1239 3325 τρόπον

246 3345 279 3400 67
288 3334 432 3423 ἐμαυτόν
443 3334 523 3423 ὑμῖν
533 3333 712 3423 ἀνακρινῶ.
746 3333 969 3423 ύάνθρωπε,
991 3345 1039 3417 τίς
1056 3330 1101 3425 ήν
1110 3358 1163 3408 σοι
1174 3364 1238 3407 πα-

287 3436 366 3523 τήρ;
389 3440 459 3523 ἐμοὶ
471 3437 659 3524 Θούκριτος.
689 3446 808 3508 οίκεῑοί
815 3463 901 3517 τινες
913 3437 997 3506 εἶναι
1010 3440 1237 3524 μαρτυροῦσιν

289 3533 395 3624 αὐτῷ;
415 3534 505 3604 πάνυ
516 3565 569 3623 γε,
589 3547 724 3622 πρῶτον
736 3545 797 3624 μέν
807 3564 845 3622 γε
855 3541 1005 3621 τέτταρες
1016 3535 1160 3626 ἀνεψιοὶ,
1185 3536 1244 3604 εἶτ’

290 3631 506 3720 ἀνεψιαδοῦς,
525 3633 587 3705 εἷθ’
602 3641 636 3704 οί
644 3637 701 3716 τὰς
712 3634 850 3717 ἀνεψιὰς
859 3637 1019 3723 λαβόντες
1029 3637 1158 3722 αύτῦν,
1171 3635 1239 3702 εἶτα

290 3733 467 3820 φράτερες,
485 3733 537 3804 εἶτ’
555 3735 761 3816 ’Λπόλλωνος
779 3737 937 3829 πατρῴου
953 3738 1099 3817 καὶΛιὸς
1110 3740 1239 3822 ἑρκείου
