3159 4409
406 294 439 329 π,
533 316 536 323 ,

378 481 504 544 KATA
525 462 674 546 ΕυεΡΓ.
695 481 988 546 ΚΑειιΝΗΣιο.
1014 486 1148 548 mm
1182 487 1243 551 105

292 639 404 729 ἀληθή
422 645 523 727 λέγω,
545 642 674 710 τούτων
683 637 764 730 ὑμίν
772 642 942 728 μάρτυρας
952 645 1030 724 τούς
1039 649 1244 733 κλητεύσαν-

292 767 352 820 τας
363 744 552 827 παρέξομαι.

309 896 311 901 ,
343 899 345 901 ,
647 831 897 895 ΜΑΡΤΤΡΕΣ.

256 996 260 1005 .
296 1010 299 1014 ,
354 936 441 1032 ῤ”Οτι
458 938 520 1025 μὲν
535 944 651 1006 τοίνυν
667 939 880 1028 προσεκλήθη
899 937 959 1008 ὑπ’
977 945 1059 1028 ἐμοῦ
1071 948 1105 1012 οί
1124 953 1244 1033 κλητῆ-

294 1062 350 1119 ρες
366 1036 671 1124 μεμαρτυρήκασιν·
688 1038 737 1119 ,ὥς
754 1043 790 1108 δὲ
806 1040 942 1127 εἰσήχθη
966 1048 1012 1121 εἰς
1031 1044 1068 1111 ’τό
1090 1043 1249 1131 δικαστή-’
1305 1040 1308 1048 ’

295 1160 386 1255 ριον,
399 1139 482 1224 λαβέ
489 1155 546 1223 μοι
555 1134 617 1223 τὴν
626 1147 813 1225 μαρτυρίαν
822 1147 891 1207 τῶν
901 1137 1111 1229 ἀποστολέων
1122 1145 1177 1210 καί
1187 1149 1244 1229 τῆς

294 1259 403 1321 aeme-
1020 1258 1022 1262 ·

651 1326 892 1390 ΜΑΡΤυΡιΑ.

248 1443 285 1499 28
305 1511 308 1515 ¹
370 1429 430 1500 “ov
446 1431 507 1519 μέν
522 1438 638 1502 τοίνυν
656 1432 749 1524 ᾤμην
760 1434 935 1521 πράγματα
946 1441 1096 1522 παρέξειν
1106 1464 1162 1524 μοι
1171 1448 1243 1525 Δη-

292 1532 445 1618 μοχάρην
455 1530 515 1600 τὸν
526 1537 704 1617 Παιανιέα,
722 1534 802 1615 πρὶν
812 1532 873 1617 μὲν
885 1539 1078 1621 εἰσαχθῆναι
1087 1540 1133 1615 εἰς
1143 1536 1179 1603 τό
1192 1541 1244 1603 δι-

292 1630 484 1716 καστήριον,
495 1623 539 1716 ήν
549 1628 662 1716 ἀηδής,
674 1628 785 1716 ἐπειδὴ
798 1631 834 1699 δὲ
845 1631 982 1718 εἰσήχθη
992 1634 1047 1700 καὶ
1059 1631 1243 1729 ήλω,1ἀκέ-

293 1734 382 1796 δωκε
398 1728 434 1797 τό
449 1727 530 1798 καθ’
544 1731 662 1798 ἑαυτόν
672 1732 771 1816 μέρος
782 1737 850 1798 τῶν
861 1738 1004 1800 σκευῶν·
1031 1728 1071 1799 όν
1081 1729 1112 1799 δ’
1126 1730 1188 1800 οὐκ
1199 1728 1242 1800 ἀν

294 1825 415 1916 ω’ήθην
432 1833 477 1907 εἰς
493 1835 655 1896 τοσοῦτον
672 1834 831 1914 πονηρίας
846 1834 959 1898 έλθείν
980 1828 1063 1898 ὥστε
1083 1838 1242 1919 τολμήσαι

294 1928 339 1996 ἀν
351 1951 431 1996 ποτε
440 1925 502 2014 τὴν
513 1928 611 1998 πόλιν
623 1925 843 2015 ἀποστερῆσαι
852 1927 893 1996 τά
904 1929 1025 2015 σκεύη,
1047 1938 1093 2008 εἰς
1101 1936 1241 1997 τοσοῦτο

294 2031 398 2094 δικῶν
419 2027 474 2094 καί
494 2025 697 2113 πραγμάτων
717 2029 932 2115 προβέβηκεν.
966 2029 1021 2096 καὶ
1043 2025 1160 2113 παρεόν
1181 2027 1242 2114 μέν
1274 2075 1276 2080 ,

294 2122 378 2212 πρὸς
394 2133 440 2214 τῷ
457 2130 672 2214 δικαστηρίω,
694 2123 749 2194 ὅτε
762 2127 926 2214 εἰσήγετο,
948 2124 1099 2213 οὐδαμοῦ
1115 2123 1241 2212 ήντιδί-

295 2244 412 2311 κησεν,
435 2223 512 2295 οὐδὲ
523 2224 735 2313 ἀπεγράψατο
748 2228 956 2309 διαδικασίαν
965 2223 1048 2309 πρὸς
1058 2220 1194 2310 οὐδένα,
1212 2233 1246 2291 εἰ

294 2322 369 2390 τινά
391 2344 493 2411 φησιν
515 2326 629 2408 ἕτερον
650 2329 735 2408 ἔχειν
751 2321 792 2390 τά
809 2323 911 2408 σκεύη
928 2325 983 2389 καί
1000 2320 1044 2407 μή
1062 2322 1240 2406 προσήκειν

294 2418 386 2507 αὐτῷ
397 2418 601 2504 ἀποδοῦναι,
624 2417 698 2486 ἀλλ’
718 2428 807 2486 εἰασε
823 2417 903 2486 καθ’
922 2416 1028 2485 αὑτοῦ
1036 2421 1242 2502 ψήφονέπα-

250 2529 284 2584 29
293 2526 429 2605 χθήναι·
451 2515 563 2603 ἐπειδή
575 2517 611 2584 δὲ
622 2514 775 2601 ἀπῆλθεν
784 2517 821 2583 ἐκ
831 2523 891 2583 τοῦ
902 2519 1129 2601 δικαστηρίου,
1142 2511 1242 2582 οὐδὲν

271 2687 275 2693 ,
292 2609 421 2703 μᾶλλον
438 2613 612 2699 ἀπεδίδου,
635 2611 710 2681 ἀλλ’
725 2611 807 2703 ρ’όετο
817 2614 924 2700 ένμὲν
935 2620 982 2702 τῷ
991 2612 1131 2696 παρόντι
1143 2609 1242 2690 αὐτός

293 2712 445 2782 ἐκποδών
461 2713 640 2800 γενόμενος
656 2709 797 2799 ήσυχίαν
814 2715 914 2796 ἕξειν,
935 2713 997 2790 ἕως
1013 2702 1131 2796 ἀνέγεό
1142 2735 1177 2777 τε
1187 2713 1242 2777 έκ-

293 2811 427 2879 πλεόσω
444 2813 499 2879 καὶ
515 2815 552 2879 αἰ
566 2818 643 2897 νήες
660 2812 715 2879 καί
725 2809 845 2897 χρόνος
856 2814 1041 2897 ἐγγένηται,
1061 2813 1115 2878 καί
1126 2809 1197 2897 ἐμὲ,
1218 2807 1241 2874 ἀ

294 2901 393 2988 οὗτος
405 2907 523 2994 ὤφειλε
535 2908 637 2994 σκεόη
649 2915 688 2996 τῇ
699 2909 810 2992 πόλει,
826 2906 1146 2996 ἀναγκασθήσεσθαι
1156 2907 1240 2975 ἀπο-

294 3013 413 3077 δοῦναι
427 3004 551 3093 ήκοντα
567 3006 689 3075 ένθάδε
704 3003 727 3094 ή
743 3015 791 3098 τῷ
807 3009 967 3104 διαδόχῳ,
989 3005 1026 3086 ὃς
1042 3004 1086 3074 ἀν
1104 3014 1187 3094 ἔλθη
1203 3009 1240 3075 έκ

292 3113 352 3192 τῆς
368 3109 550 3193 συμμορίας
565 3106 617 3173 ἐπὶ
628 3104 688 3192 τήν
699 3114 793 3173 ναῦν.
826 3114 859 3174 τί
868 3104 932 3193 γάρ
944 3101 988 3172 ἀν
998 3107 1053 3172 καί
1065 3103 1241 3189 ἀντέλεγον

293 3200 386 3293 αὐτῷ
402 3207 596 3289 ψηφίσματα
606 3203 661 3270 καὶ
671 3202 797 3289 νόμους
807 3204 1037 3289 παρεχομένῳ,
1060 3198 1240 3288 ὠςπροσή-

247 3322 285 3376 30
293 3329 353 3370 κεν
364 3303 419 3388 ἐμὲ
431 3304 601 3386 εἰσπρᾶξαι
610 3298 650 3368 τά
662 3301 763 3388 σκεύη
771 3298 809 3387 χό
823 3302 859 3370 δὲ
869 3300 1043 3385 Θεόφημος
1052 3297 1175 3384 χρόνου
1184 3302 1239 3385 ε’γ-
1248 3316 1316 3370 1148

293 3404 534 3486 γεγενημένου,
560 3397 660 3468 ὁπότε
680 3397 786 3468 αὐτόν
804 3395 896 3485 ήκων
917 3395 1106 3483 ἀπαιτοίην,
1127 3402 1239 3483 ἔμελλε

295 3499 417 3587 φήσειν
434 3495 694 3583 ἀποδεδωκέναι,
715 3500 770 3566 καί
787 3496 917 3575 τούτοις
935 3504 1119 3583 τεκμηρίοις
1138 3522 1240 3565 κατα-

257 3617 260 3623 ’
294 3597 479 3683 χρήσεσθαι
490 3593 535 3677 ὡς
546 3595 810 3685 ἀποδέδωκε,τῷ
819 3603 926 3686 καιρῷ
931 3603 994 3685 μή
1002 3604 1109 3685 χρείᾳ,
1122 3594 1167 3673 ὦς
1176 3590 1239 3660 οὐκ

294 3693 424 3781 ήλίθιος
433 3687 477 3780 ήν
487 3692 559 3763 οὐδ’
573 3687 617 3762 αὖ
628 3700 722 3781 φίλος
733 3691 823 3784 αὐτῷ
834 3694 1012 3781 γενόμενος
1020 3692 1238 3776 οὐδεπώποτε,
