3159 4409
540 497 683 560 ΠΡΟΣ
704 497 995 561 ΤΙΜΟΘΕΟΝ.
1179 497 1242 565 141

292 663 408 744 βανου.
443 658 653 745 φοβούμενος
671 654 703 723 δ’
722 647 822 735 οὗτος
837 654 915 733 τούς
926 655 1067 740 ἐχθροὺς
1076 655 1154 738 τοὺς
1164 661 1243 728 ἑαυ-

291 761 374 840 τοῦ,
395 755 440 842 μή
451 756 617 825 πύθοιντο
629 753 696 840 ὅτι,
708 751 752 834 ν’ὶς
760 757 800 825 ἐν
808 761 855 845 τῷ
866 755 954 844 λόγῳ
966 752 1128 843 ἀπήνεγκε
1138 765 1241 843 χιλίας

293 849 441 940 δραχμάς
458 851 610 932 δεδωκάς
626 859 672 933 είς
684 852 743 932 τάς
750 860 909 932 Βοιωτίας
924 862 1008 934 ναῦς
1018 859 1054 925 ἐκ
1063 864 1130 924 τῶν
1141 876 1242 943 στρα-

248 961 284 1017 17
293 959 455 1019 τιωτινοὶν
471 952 663 1039 χρημάτων,
684 953 805 1032 ταύτας
815 958 977 1034 Φίλιππος
995 958 1147 1035 δανείσας
1157 954 1243 1024 άπο-
1296 1000 1298 1007 ·

293 1063 469 1135 στερεῑται,
481 1051 537 1118 καὶ
548 1048 616 1136 ἅμα
628 1049 744 1129 δεδιώς
754 1047 815 1118 τὸν
825 1057 1005 1138 Φίλιππον,
1016 1051 1061 1138 μή
1072 1079 1242 1139 καταμαρ-

292 1155 408 1234 τυροίη
426 1146 531 1216 αὐτοῦ
546 1151 584 1216 ἐν
602 1156 649 1238 τῷ
665 1145 787 1233 άγοῐνι,
809 1147 1007 1235 προσελθων
1023 1157 1071 1240 τῷ
1086 1153 1183 1236 πατρλ
1194 1158 1242 1238 τῷ

291 1249 362 1334 ἐμμ
378 1244 498 1333 ἐδεήθη
516 1244 744 1327 ἀπαλλάξαι
710 1273 771 1315 τον
781 1255 947 1316 Φίλιππον
957 1251 1012 1316 καὶ
1020 1256 1140 1334 χρήσαιο
1149 1245 1242 1336 αυτῷ

290 1343 693 1470 τὰςχιλίαςθραχμάς,ἵν’
704 1333 1049 1434 άποᾶιδοίηΦιλίππςο.
1077 1343 1239 1431 ὁρῶυᾶ’“
1222 1373 1240 1414 ο

290 1442 399 1530 πατήρ
411 1441 429 1512 ὁ
429 1446 517 1564 ἐμὸς
526 1446 565 1514 τό
575 1469 610 1512 τε
621 1449 768 1566 μέηεθος
771 1450 833 1512 τοῦ
842 1441 972 1529 άγιόνος
981 1436 1130 1528 ἡλίκον
1107 1470 1151 1528 ην
1160 1443 1248 1518 vov'-p

289 1567 337 1630 πμ
347 1538 438 1610 καὶ
414 1569 458 1621 ως
467 1542 620 1628 ἠπορεῖτο
631 1534 746 1625 οὗτος,
763 1542 819 1609 καὶ
829 1539 983 1609 ἐλεω”ν’
941 1541 1060 1626 αυτὸν,
1071 1560 1241 1627 προσαγα-

287 1639 361 1724 μοὸυ
373 1640 455 1723 πρὸς
465 1638 526 1726 τήν
536 1641 699 1726 τράπεζαν
709 1642 881 1707 ἐκέλευσεν
890 1637 1075 1707 άποιλοθναι
1086 1646 1238 1729 Φιλίππω

286 1745 395 1824 χιλίας
411 1736 606 1825 δραχμάς’
572 1764 634 1806 του
651 1744 830 1824 Φορμίωνα
845 1735 905 1806 τὸν
921 1738 1166 1824 ἐπικαθήμενον
1185 1706 1237 1806 ἐπὶ

248 1843 346 1922 ιςτής
363 1838 536 1923 τραπέζης,
558 1839 612 1903 παλ
633 1835 758 1921 γράψαι
778 1833 955 1921 ὀφείλοντα
973 1835 1147 1920 Τιμόθεον.
1181 1838 1236 1904 καὶ

286 1933 392 2003 ταῦθ’
410 1933 462 2013 ὅτι
478 1933 588 2022 άληθή
599 1937 682 2021 ἐστι,
704 1931 765 2002 τόν
775 1933 875 2002 δόντα
886 1932 924 2002 τὸ
935 1931 1097 2019 ἀργύριον
1108 1940 1236 2021 Φορμί-

288 2027 458 2116 ωναὺμίν
474 2032 626 2118 μάρτυρα
643 2035 839 2118 παρέξομαι,
859 2032 992 2100 ἐπειδάν
1007 2033 1062 2100 καὶ
1079 2035 1153 2118 περὶ
1173 2040 1235 2100 τοῦ
1267 2075 1273 2101 -.

287 2127 392 2197 ἄλλον
404 2135 608 2216 συμβολαίου
618 2129 822 2217 διηγήσωμαι
831 2127 926 2216 ὑμῖν,
938 2133 993 2198 ἵνα
1004 2137 1043 2216 τῇ
1054 2127 1139 2218 αὐτῇ
1150 2157 1234 2216 μαρ-

287 2233 384 2314 τυρίηι
399 2229 474 2313 περὶ
488 2225 571 2295 ὅλου
582 2236 643 2296 τού
654 2231 755 2314 χρέως
765 2229 967 2306 άιιούσαντες
978 2232 1084 2314 είδήτε
1094 2228 1144 2296 ὅτι
1153 2225 1236 2316 άλη-

287 2330 336 2409 θή
347 2329 440 2408 λέγω.
473 2334 566 2394 καλοῖ
577 2323 609 2393 δ’
623 2324 702 2412 ὑμῖν
712 2329 766 2395 καὶ
776 2324 835 2395 τόυ
842 2324 1043 2412 Ἀντιφάνην
1053 2328 1114 2395 τὸν
1126 2332 1236 2395 δανεί-

287 2443 393 2492 σαντα
403 2423 440 2492 τὸ
452 2421 618 2509 ἀργύριον
628 2424 751 2512 τούτῳ,
762 2423 820 2502 τὰς
828 2430 932 2508 χιλίας
945 2419 1105 2508 δραχμὰς,
1117 2425 1153 2490 ἐν
1162 2429 1235 2491 Κα-

285 2531 440 2612 λαυρείᾳ,
464 2524 521 2591 καί
532 2521 682 2609 παρόντα
693 2519 747 2590 ὅτε
756 2520 899 2608 ἀπέλαβε
910 2525 1071 2598 Φίλιππος
1081 2521 1118 2587 τὸ
1130 2519 1235 2606 ἀργύ-

244 2647 278 2702 19
286 2647 362 2705 ριον
377 2619 467 2704 παρά
483 2629 546 2689 τοῦ
561 2619 686 2707 πατρὸς
702 2627 764 2687 τοῦ
773 2617 998 2705 ἐμοῦέυθάδε.
1028 2625 1090 2685 τοῦ
1099 2621 1160 2704 μὲν
1169 2618 1233 2703 γὰρ
1243 2634 1310 2688 1190

286 2727 473 2806 μαρτυρίαν
493 2746 533 2806 με
553 2722 758 2806 ἐμβαλέσθαι
773 2715 858 2802 πρὸς
873 2715 932 2785 τὸν
948 2713 1115 2803 διαιτητήν
1131 2740 1235 2799 παρε-

284 2819 463 2905 κρούσατο,
475 2817 614 2905 φάσκων
622 2816 678 2887 ιἰεί
685 2842 743 2905 μοι
754 2814 976 2903 μαρτυρήσειν
988 2820 1033 2894 είς
1043 2813 1104 2901 τήν
1113 2820 1234 2900 κυρίαν

285 2916 475 3006 άπόφασιν·
498 2916 609 3005 ἐπειδὴ
628 2915 661 2985 δ’
677 2914 698 3003 ἡ
717 2908 904 3002 δίαιταήυ,
926 2915 1145 3002 προσκληθεὶς
1166 2909 1231 2979 άπὸ

278 3027 343 3103 Ιτῆς
358 3025 464 3100 οίιιίας
481 3016 537 3139 (ρά
553 3042 617 3103 γαρ
633 3009 679 3102 ήν
694 3015 851 3102 φανερὸς)
868 3011 1007 3082 ἔλιπε
971 3039 1034 3099 την
1049 3016 1232 3098 μαρτυρίαν

282 3115 468 3195 πεισθελς’
448 3141 514 3184 υπο
505 3117 674 3188 ’τουτονί
706 3117 856 3192 τιθέντος
873 3116 911 3181 δέ
925 3138 991 3199 μου
1006 3111 1068 3197 τήν
1084 3108 1233 3227 θραχμήη
1323 3113 1331 3123 ”

282 3221 346 3281 τοῦ
367 3220 626 3300 λιπομαρτυρίου
646 3211 729 3282 κατὰ
750 3210 810 3281 τὸν
829 3211 952 3298 νόμον,
974 3236 992 3276 ο
982 3204 1174 3293 ’διαιτητής
1190 3233 1232 3276 ου

283 3311 469 3400 αατεᾶιητα,
480 3310 555 3380 αλλ
567 3335 673 3380 απιωυ
684 3336 785 3400 ωηετο
796 3307 1030 3394 αποθιαιτησας
1039 3330 1160 3374 τουτου
1169 3332 1231 3394 την

241 3412 430 3494 θοδίαιταν,
454 3409 590 3492 ἑσπέρας
607 3406 670 3494 ήδη
688 3407 800 3496 οὔσης.
834 3409 910 3474 νυνὶ
927 3406 963 3472 δέ
982 3410 1028 3494 τῷ
1045 3402 1231 3491 Ἀντιφάνει

283 3514 396 3591 εἴληχα
412 3506 537 3593 βλάβης
554 3511 642 3575 ίᾶίαυ
659 3511 770 3594 δίκην,
792 3503 843 3573 ὅτι
858 3531 914 3590 μοι
924 3500 995 3571 οὔτ’
1008 3503 1230 3593 ἐμαρτύρησεν

282 3600 356 3671 οὔτ’
370 3604 555 3689 ἐξωμόσατο
567 3605 652 3674 κατά
663 3603 723 3672 τὸν
732 3602 847 3689 νόμον.
879 3603 935 3669 ναί
945 3597 1023 3681 ἀξιῶ
1035 3601 1137 3671 αὐτὸν
1147 3601 1230 3670 άνα-

281 3701 389 3790 βάντα
407 3708 510 3770 εἰπεῖν
524 3707 679 3772 ἐναντίον
700 3700 799 3791 ὑμῶν
820 3698 1073 3792 διομοσάμενον,
1097 3706 1230 3785 πρῶτον
