3159 4409
481 502 785 577 11P001M1'A
816 517 982 583 κινεῖ-ι.
1136 517 1207 584 σῖσ

260 676 354 746 πόλει
371 674 512 759 μάλιστα
528 675 590 760 μὲν
607 676 639 754 ἐξ
656 671 757 760 ἀρχῆς
771 674 877 760 μηδὲν
892 673 1091 763 ἀσύμφορον
1101 680 1283 767 noch-1456

258 798 346 858 τειν,
364 777 394 840 εί
401 771 438 840 δὲ
450 770 512 859 μὴ,
529 785 681 856 παρεῖναι
692 770 1203 862 εύθύςτούςέναυτιωσομέυονς.

262 876 315 939 δεῖ
328 874 440 957 μέντοι
455 873 562 960 τούτῳ
581 885 753 956 προσεῖναι
769 874 946 952 ἐθέλοντας
964 870 1101 942 ἀκούειν
1122 872 1207 962 ὑμᾶς

260 972 316 1038 καὶ
327 971 556 1039 διδάσκεσθαι·
580 967 680 1039 ούδὲυ
694 967 760 1057 χάρ
776 974 878 1039 πλέον
894 969 979 1039 εἶναι
994 970 1054 1041 τόν
1066 974 1206 1059 ἐροῦντα

258 1068 301 1136 τὰ
318 1072 483 1156 βέλτιστα,
506 1066 550 1138 ἀν
566 1069 611 1156 μη
628 1067 707 1148 τούς
721 1067 969 1157 ἀκουσομένους
985 1076 1051 1159 ἔχη.
1081 1068 1123 1140 ού
1141 1073 1208 1159 μην

262 1166 341 1236 οὐδὲ
357 1170 465 1237 έκεῖνο
482 1167 670 1248 ἀλυσιτελὲς
684 1166 766 1254 μετὰ
782 1165 871 1236 ταῦτ’
884 1164 929 1236 ἀν
945 1176 1081 1256 φανείη,
1104 1167 1154 1238 ὅσ
1166 1168 1209 1237 ἀν

260 1293 308 1346 τις
326 1264 414 1353 ὑμᾶς
431 1263 454 1354 ἢ
470 1265 525 1334 διά
544 1266 663 1354 καιρὸν
676 1265 699 1354 ἢ
716 1265 756 1334 δι’
768 1266 862 1351 ὥραν
877 1264 1001 1355 ἡμέρας
1016 1265 1039 1356 ἦ
1052 1267 1093 1338 δι’
1104 1269 1210 1355 ἀλλην

259 1364 316 1433 τιν’
330 1371 438 1434 αἰτίαν
450 1365 736 1454 παρακρούσηται,
748 1362 844 1433 ταῦθ’
858 1363 939 1434 ὅταν
949 1365 1028 1434 ποτὲ
1037 1365 1209 1454 βούλησθε

259 1461 356 1549 ὑμῶν
367 1462 479 1532 αύτοῖν
489 1463 583 1544 ὄντες
593 1462 748 1547 ἀκούειν,
766 1462 850 1531 εἶναι
864 1461 925 1531 τὸν
940 1463 1134 1542 ἐξετάσοντα
1143 1463 1209 1531 πά-

261 1572 330 1649 λιν,
350 1567 406 1630 ἵνα
422 1562 482 1631 ἐάν
499 1565 561 1649 μὲν
577 1560 631 1631 οἷά
652 1581 756 1649 φασιν
772 1566 807 1629 οἱ
827 1561 900 1630 τότε
920 1568 1089 1641 πείσαντες
1105 1569 1207 1650 φανῇ,

260 1660 516 1747 προθυμότερον
528 1663 690 1748 πράττητε
700 1658 745 1740 ὡς
756 1665 891 1746 ἔλεγχον
899 1659 1079 1746 δεδωκότα,
1101 1657 1206 1727 ἐάνδ’

259 1758 381 1846 ἀραμὴ
392 1768 528 1828 τοιαῦτα
544 1758 686 1848 εὑρεθῇ,
704 1761 784 1843 πρὶν
800 1762 997 1845 πορρωτέρω
1016 1768 1205 1847 προελθεῖν,
1229 1806 1232 1814 .

259 1861 417 1946 ἐπίσχητε.
441 1861 496 1928 καὶ
507 1859 571 1947 χάρ
582 1856 626 1927 ἀν
637 1858 749 1928 δεινὸν
760 1867 810 1945 εἴη
828 1867 861 1931 εί
878 1871 947 1938 τοῖς
955 1865 1017 1925 τού
1029 1863 1207 1943 κρατίστου

259 1961 477 2046 διαμαρτούσι
487 1957 524 2027 τό
536 1959 699 2046 χείριστον
711 1955 1008 2045 άνάχκηπράττειν
1017 1966 1078 2044 εἴη,
1089 1961 1144 2026 καὶ
1161 1954 1219 2043 μη

257 2055 294 2124 τὸ
307 2057 467 2144 δεύτερον
483 2060 519 2126 ἐκ
530 2065 600 2126 τῶν
609 2065 751 2144 λοιπῶν,
769 2059 854 2144 ἐξείη
865 2056 1204 2143 μεταβουλεύσασθαι.

214 2159 217 2166 ’
257 2156 335 2235 τούς
343 2161 405 2242 μὲν
416 2149 479 2225 ούν
490 2156 611 2236 ἀλλους
622 2156 770 2234 ἅπαντας
778 2152 959 2241 ἐχωχεὸρῶ
969 2153 1031 2239 τὴν
1039 2151 1206 2238 ἀειλογίαν

257 2258 542 2339 προτεινομένους,
554 2253 638 2321 ’ὅταν
646 2280 678 2320 τι
690 2252 869 2320 πιστεύωσι
880 2257 1013 2329 δικαίως
1024 2248 1136 2331 αὑτοῖς
1146 2276 1206 2320 πε·

257 2359 420 2437 πράχθαι·
443 2343 536 2419 ούτοι
548 2351 583 2419 δ’
595 2344 1073 2434 αύτούναυτίουέχκαλούσιν,
1091 2353 1206 2432 είπερί
1288 2354 1290 2361 ’

259 2441 309 2516 ἀν
326 2445 485 2536 ἡμάρτετε
502 2457 568 2518 νῦν
587 2448 778 2517 ἀναθέσθαι
795 2447 978 2537 βούλεσθε,
998 2446 1061 2534 τὴν
1076 2445 1206 2533 ἀπύτην

254 2548 463 2634 κυριωτέραν
478 2547 625 2633 οίόμενοι
643 2552 713 2615 δεῖν
730 2544 814 2614 εἶναι
829 2552 887 2632 τῆς
902 2543 983 2631 μετά
1000 2553 1062 2613 τού
1079 2546 1205 2632 χρόνον

257 2646 418 2732 βασάνου.
447 2643 509 2732 την
530 2647 591 2732 μὲν
615 2639 678 2714 οὖν
693 2645 823 2714 τούτων
843 2643 995 2731 σπουδὴν
1015 2641 1091 2712 οὐδ’
1108 2643 1205 2731 ὑμῶν

258 2754 337 2823 ῖσως
349 2742 531 2829 ἀγνοοῦσιν
548 2748 581 2812 οί
595 2751 714 2812 πολλοί
719 2774 726 2788 ·
759 2742 854 2813 δεῖδ’
866 2742 951 2828 ὑπὲρ
966 2751 1035 2811 τοῖν
1051 2742 1206 2831 πραγμά-

258 2867 335 2928 των,
348 2841 521 2930 ἐπειδήπερ
532 2844 648 2929 γέγονε
658 2844 761 2930 λόχου
770 2858 891 2931 τυχεῖν,
899 2843 923 2912 ἀ
931 2870 979 2924 τις
988 2841 1112 2930 ἡγεῖται
1122 2843 1207 2930 κρά-

258 2958 367 3031 τιστα,
381 2946 496 3026 λέγειν.

357 3060 359 3103 ἶ
708 3050 752 3111 Ν.

332 3134 372 3205 Ὅ
388 3164 418 3204 τι
434 3141 496 3225 μὲν
507 3144 616 3226 μέλλει
634 3148 801 3210 συνοίσειν
818 3136 958 3230 πάσῂτῄ
975 3140 1084 3224 πόλει,
1105 3145 1204 3208 τοῦτο

257 3237 312 3303 καὶ
323 3236 431 3321 λέγειν
441 3236 578 3325 εύχομαι
593 3240 733 3328 πάντας,
755 3234 782 3310 ἀ
800 3240 919 3326 ἀνδρες
936 3239 1123 3325 Ἀθηναῖοι,
1148 3241 1204 3308 καὶ

257 3330 345 3419 ὑμᾶς
355 3334 500 3401 ἑλέσθαι.
532 3337 597 3422 έχά
610 3334 642 3404 δ’
656 3331 736 3422 ούν,
757 3335 951 3416 ἀπεπεικώς
969 3333 1114 3422 ἐμαυτὸν
1123 3363 1205 3424 συχ-

258 3428 348 3514 χάνω
367 3431 508 3515 μάλιστα
528 3436 711 3521 συμφέρειν
731 3431 827 3519 ύμῖν,
854 3433 942 3502 ταῦτ’
964 3436 1046 3521 ἐρῶ,
1075 3436 1205 3523 δεηθείς
1213 3456 1281 3513 1457

258 3523 355 3610 ὑμῶν
371 3534 549 3613 τοσοῦτον,
573 3530 654 3616 μήτε
668 3527 748 3608 τούς
767 3532 887 3608 ’ἐξιέναι
905 3531 1100 3611 κελεύοντας
1117 3531 1205 3617 ὑμᾶς

258 3622 421 3692 διάτούτο
438 3632 583 3712 νομίζειν
602 3625 791 3713 ἀνδρείους,
813 3628 893 3714 μήτε
922 3630 1000 3710 τούς
1021 3630 1204 3715 ἀντιλέγειν

257 3723 502 3807 ἐπιχειροῦντας
512 3723 567 3791 διά
578 3733 675 3794 τοῦτο
685 3724 817 3805 κακούς.
836 3723 883 3821 ού
892 3726 956 3815 χάρ
968 3726 986 3798 ὁ
999 3726 1100 3808 αὐτὸς
1111 3733 1203 3813 ἐλεγ-
