3159 4409
494 552 499 556 .
564 487 907 554 ΕΠΙΣΤΟΛΗΝ.
931 474 1033 551 ν.·’
1176 489 1238 554 405

291 652 412 738 λόγους
429 649 487 730 οὓς
505 651 568 737 ἐγω
587 653 661 736 περὶ
683 656 746 717 σοῦ
766 646 848 734 πρός
870 648 1016 728 ἅπαντας
1037 647 1237 736 ἀνθρώπους

291 756 422 834 έλεγον,
443 749 604 827 πεπεικως
620 745 762 834 ἐμαυτὸν
779 745 889 832 ἀληθῆ
908 750 1033 832 λέγειν,
1056 746 1117 814 οὐκ
1128 750 1164 815 ἐκ
1176 755 1237 815 τοῦ

264 850 544 933 ςπεπλησιακέυαι
563 864 614 914 σοι
630 861 748 931 πεῖραν
765 850 863 931 έχων,
886 841 960 913 ἀλλ’
980 841 1070 928 ὁρῶν
1080 841 1131 910 ότι
1141 843 1237 930 δόξης

290 944 515 1029 ἐπιτυγχάνων
536 946 590 1012 καὶ
612 948 761 1012 παιδείαν
782 941 958 1028 ἀπεδέχου,
980 942 1154 1009 καὶταῦτα
1171 937 1233 1009 ἀπό

289 1051 347 1128 τῆς
357 1043 535 1120 Πλάτωνος
552 1048 734 1129 διατριβῆς,
755 1041 840 1128 ἥπερ
857 1043 946 1111 ἐστὶν
963 1039 1007 1119 οἱς
1023 1038 1158 1126 ἀληθῶς
1168 1047 1236 1108 τῶν
1339 1056 1340 1061 ’

274 1141 350 1226 4μὲν
365 1141 656 1228 πλεονεκτημάτων
671 1143 725 1208 καί
741 1149 810 1208 τῶν
821 1143 895 1223 περὶ
905 1147 1009 1206 ταότα
1019 1139 1234 1226 σοφισμάτων

289 1243 359 1324 ἔξω,
370 1247 430 1307 τοῦ
441 1246 612 1326 βελτίστου
623 1243 658 1307 δὲ
669 1240 795 1306 καὶτοῦ
806 1237 1014 1305 δικαιοτάτου
1025 1234 1125 1305 πάνθ’
1138 1239 1235 1322 ἕνεκα

288 1340 501 1423 ἐξητασμένη·
523 1330 563 1424 ἧς
579 1337 624 1424 μά
639 1335 719 1417 τούς
729 1334 832 1414 θεοὺς
842 1343 890 1424 τῷ
902 1333 1094 1422 μετασχόντι
1103 1334 1147 1421 μὴ
1161 1331 1234 1420 οὐχί

287 1432 445 1516 ἀψευδεῖν
464 1436 520 1501 καλ
540 1433 622 1520 πρός
642 1433 790 1512 ἅπαντας
810 1431 928 1518 ἀγαθῷ
952 1431 1036 1501 ε’ίναι
1058 1430 1121 1525 οὐχ
1139 1431 1233 1501 όσιον

261 1531 436 1620 ςὴγοῦμαι.
458 1534 585 1616 γένοιτο
597 1529 625 1598 δ’
637 1530 681 1599 ἀν
690 1556 747 1618 μοι
757 1529 889 1599 κάκεῖνο
902 1538 969 1597 τῶν
977 1531 1231 1616 χαλεπωτάτων·

287 1640 318 1701 εί
333 1631 395 1717 γάρ
414 1629 572 1716 ὡρμηκὼς
588 1629 661 1697 κατ’
679 1629 823 1716 ἐμαυτόν
840 1627 999 1707 εὐνοϊκῶς
1011 1634 1096 1714 ἔχειν
1108 1648 1160 1695 σοι
1171 1626 1232 1714 τὴν

287 1735 439 1798 ἐναντίαν
448 1729 586 1814 γνάμην
593 1735 786 1814 μεταλαβεῖν
795 1726 1052 1814 ἀναγκασθείην,
1064 1724 1086 1794 ἀ
1096 1725 1135 1814 δὴ
1145 1724 1232 1794 ὑπο-

287 1828 465 1913 λαμβάνων
486 1834 722 1909 παρεωράσθαι
743 1830 798 1895 καὶ
816 1835 1077 1912 ,πεφευακίσθαι,
1100 1822 1165 1894 κάν
1185 1823 1229 1913 μὴ

260 1932 357 2010 ὑφαί,
375 1924 484 2010 νόμιζε
495 1923 600 2004 οὕτως
610 1926 703 2005 ἕξειν.
735 1931 766 1994 εί
775 1925 811 1994 δέ
823 1923 917 2013 ἡμῶν
926 1925 1230 2013 καταπεφρόνηκας,

286 2021 415 2091 ὅτιτῶν
424 2023 565 2111 πράσων
577 2022 638 2092 οὐκ
650 2027 748 2111 ἐσμέν
758 2049 826 2110 πω,
838 2025 967 2110 λόγισαι
978 2023 1027 2093 ότι
1038 2027 1093 2092 καί
1105 2024 1150 2090 ου’
1160 2019 1229 2090 ποτ’

284 2113 374 2208 ἦσθα
384 2125 458 2201 νέος
468 2126 523 2191 καὶ
533 2123 595 2208 τὴν
604 2121 734 2209 ἡλικίαν
745 2122 827 2209 εἶχες
836 2121 879 2208 ἣν
888 2121 979 2210 ἡμεῖς
991 2131 1066 2206 νῦν,
1076 2125 1112 2190 ἐκ
1124 2122 1158 2188 δὲ
1170 2126 1230 2187 τοῦ

286 2220 526 2303 συμβουλεύειν
536 2223 590 2286 καὶ
601 2221 755 2303 πράττειν
764 2224 936 2306 γεγένησαι
945 2227 1144 2306 τηλικοῦτος.
1166 2215 1231 2285 κάν

284 2314 363 2402 ἡμῖν
372 2323 469 2382 τοῦτο
482 2323 633 2402 συμβαίη.
663 2315 700 2384 τό
718 2315 853 2401 μὲνγὰρ
865 2310 904 2382 εὖ
913 2317 1133 2402 βουλεύεσθαι
1145 2315 1231 2396 πάρ-

285 2432 368 2495 εστι,
390 2417 447 2498 τῆς
464 2412 499 2479 δέ
515 2413 613 2498 τύχης
627 2413 922 2499 συλλαμβανούσης
940 2415 995 2480 καὶ
1010 2409 1155 2496 τοόργον
1171 2411 1227 2493 γε’-

284 2508 367 2580 νοιτ’
385 2509 436 2578 ἀν.
468 2507 568 2590 καλός
588 2503 651 2578 οὖν
669 2516 786 2597 ἔρανος
801 2510 894 2597 χάρις
910 2514 1031 2577 δικαία·
1053 2505 1097 2595 ἢν
1112 2511 1167 2575 καὶ
1184 2493 1226 2574 σά
1239 2508 1306 2563 1491

256 2616 416 2695 ὀποίησαι
426 2607 509 2692 πρὸς
520 2611 583 2694 ἐμέ.
606 2612 658 2677 καὶ
670 2607 744 2696 μηδ’
755 2605 811 2694 ὑφ’
823 2606 974 2687 ένόςτάν
984 2615 1047 2674 σοῦ
1058 2607 1230 2694 φρονούν-

283 2734 350 2775 των
366 2723 477 2794 χεῖρον
493 2706 577 2794 ἀγου
594 2706 675 2794 μηδὲ
687 2705 789 2795 ἡττώ,
812 2704 886 2775 ἀλλ’
898 2712 1043 2785 ἐκείνους
1056 2705 1115 2791 ἀγε
1126 2708 1177 2772 ἐπὶ
1188 2704 1228 2771 τά

284 2808 335 2873 σοὶ
351 2813 531 2874 δοκοῦντα·
554 2808 608 2874 καὶ
624 2814 744 2892 πρᾶττε
766 2804 871 2886 οὕτως
891 2806 979 2884 ὅπως
999 2803 1140 2892 μηδενός
1161 2811 1229 2869 τῶν

285 2901 560 2992 ὁμολογηθέντων
582 2913 810 2993 στερηθῶμεν,
833 2903 908 2973 ἀλλ’
923 2902 1072 2992 Ἐπιτίμω
1096 2903 1229 2987 γένηται

284 3010 426 3088 σωτηρία
445 3031 493 3083 τις
508 3007 563 3072 καί
574 3003 742 3091 ἀπαλλαγὴ
759 3006 1013 3072 τάνκινδόυων.
1045 3004 1228 3086 παρέσομαι

283 3097 314 3168 δ’
339 3106 384 3178 είς
405 3100 464 3168 τὸν
481 3102 603 3187 χρόνον
619 3099 727 3188 κάγώ’,
748 3101 833 3172 καθ’,
847 3101 887 3171 δν
904 3104 947 3170 σὺ
966 3100 1031 3190 φῂς
1047 3090 1165 3183 καιρόν
1181 3099 1227 3166 εῖ-

281 3225 346 3266 ναι.
379 3200 508 3287 γράψας
525 3205 563 3269 δέ
570 3228 626 3288 μοι
636 3205 782 3289 πέμψον,
802 3198 890 3290 ἦκαὶ
901 3199 1041 3290 άςφίλςο
1052 3203 1224 3268 ἐπίστελλε.

283 3321 417 3384 ευτυχει.

640 3511 883 3520 ------
