3159 4409
304 486 347 550 ον
500 487 593 549 xm.
622 479 1066 560 [ARMomwom

306 646 367 734 τὴν
378 651 573 732 μαρτυρίαν,
583 639 630 727 ἵν’,
638 639 680 709 ἀν
691 667 722 709 τι
732 639 944 727 προσγράψαι
953 635 977 726 ἢ
987 639 1166 721 ἀπαλεῖψαι
1175 647 1261 728 βου-

307 753 407 832 ληθῇι
424 743 541 832 666606
553 734 584 830 ᾖ·

269 877 299 929 12
391 839 531 910 Οὐκοῦν
551 838 635 909 κατά
657 843 718 927 μὲν
744 847 848 906 ταῦτα
869 839 977 907 πάντα
998 840 1199 924 ἐξελέγχεται
1218 839 1258 911 τά

306 947 415 1027 ψευδῆ
427 937 686 1027 μεμαρτυρηκώς
701 941 757 1007 καὶ
775 936 864 1022 παρά
883 937 1074 1025 τδννόμον,·
1096 941 1261 1026 βούλομαι

308 1040 340 1110 δ’
350 1039 432 1128 ὑμῖν
447 1042 503 1108 καὶ
520 1037 601 1106 αὐτὸ
620 1045 721 1106 τοῦτο
738 1042 911 1123 ἐπιδείξαι,
935 1034 981 1116 63
996 1037 1075 1105 οὔτε
1093 1041 1224 1106 διέθετο
1240 1033 1258 1105 ὁ

308 1141 415 1225 πατὴρ
432 1135 712 1225 ἡμάνδιαθήκην
731 1134 891 1221 οὐδεμίαν
908 1135 984 1204 οὔθ’
998 1140 1032 1203 οί
1041 1135 1139 1222 νόμοι
1152 1141 1258 1206 ἐῶσιν.

308 1245 339 1307 εί
349 1238 414 1325 γάρ
425 1264 474 1316 τις
490 1241 597 1319 ἔροιτο
614 1232 700 1322 ὑμᾶς
716 1232 793 1303 καθ’
807 1225 940 1313 ὁποίους
957 1233 1081 1320 νόμους
1098 1239 1152 1302 δελ
1165 1243 1261 1303 πολι-

308 1336 464 1406 τεάεσθαι
475 1331 577 1421 ἡμεῖς,
598 1337 701 1420 δῆλον
718 1331 771 1401 ὅτι
786 1331 1019 1418 ἀποκρίναισθ’
1033 1328 1077 1400 ἀν
1088 1331 1172 1402 κατά
1182 1331 1261 1413 τοὺς

307 1440 488 1523 κειμένους.
517 1432 602 1504 ἀλλά
619 1431 687 1520 μὴν
704 1438 738 1500 οι
752 1458 790 1518 με
807 1433 907 1519 νόμοι
918 1431 1168 1518 ἀπαγορεύουσι
1178 1432 1261 1518 μηδὲ

308 1535 417 1657 νόμον
429 1540 546 1616 ἐξεῖναι
562 1531 609 1604 ἐπ’
621 1532 719 1619 ἀνδρὶ
737 1542 864 1619 θεῖναι,
885 1528 930 1600 ἀν
946 1530 991 1618 μὴ
1009 1529 1068 1600 τὸν
1087 1527 1194 1599 αὐτόν
1212 1527 1259 1617 ἀφ’

269 1646 301 1699 13
309 1616 447 1702 απασιυ
447 1633 644 1719 Ἀθηναίοις.
680 1631 807 1701 οὐκοῦν
823 1659 841 1699 ο
831 1631 980 1718 τ’μὲν
938 1656 1043 1717 υομος
1064 1628 1192 1698 οὑτοσὶ
1190 1643 1263 1708 τοῖς

310 1731 421 1810 αὐτοῖς
432 1732 546 1818 νόμοις
563 1727 833 1799 πολιτεύεσθαι’
813 1738 899 1815 ημᾶς
915 1728 1044 1798 κελεύει
1059 1725 1168 1797 ταδ’
1128 1755 1192 1797 ουκ
1204 1727 1263 1798 ἀλ-

310 1840 387 1908 λοις.
417 1856 435 1897 ο
422 1825 489 1897 δὲ
501 1829 609 1915 πατὴρ
627 1829 838 1914 ἐτελεύτησεν
849 1832 902 1897 ἐπι
913 1829 1164 1916 Δυσνικήτου”
1140 1855 1263 1915 αρχον-

310 1955 381 2014 τος,
403 1923 470 1995 ὁδε
481 1934 638 2014 Φορμίων
654 1925 829 2012 Ἀθηναῖος
847 1931 975 2012 ἐγένετο
991 1931 1044 1996 ε’πὶ
1060 1929 1264 2017 Νικοφήμου

311 2027 486 2112 ἀρχοντος,
505 2026 631 2116 δεκάτῳ
650 2031 714 2094 ἔτει
730 2024 873 2112 ὕστερον
888 2021 911 2113 6
925 2024 942 2093 6
955 2027 1062 2112 πατὴρ
1072 2023 1170 2112 ἡμῶν
1181 2026 1265 2094 ἀπέ-

311 2136 427 2194 θανεν.
450 2134 520 2205 παῖς
531 2123 574 2193 ἀν
585 2118 649 2193 οάν
657 2151 703 2212 μη
692 2122 838 2202 εἰδῶς’
822 2152 840 2192 ο
852 2125 960 2211 πατὴρ
972 2123 1076 2193 αὐτόν
1085 2122 1265 2211 Ἀθηναῖον

313 2224 472 2310 ίσομενον
483 2219 641 2292 ἔδωκεν
618 2251 662 2291 αν
671 2250 734 2309 την
745 2249 866 2291 εαυτου
877 2237 1031 2309 γυναῖκα,
1051 2223 1299 2342 καὶπροεπη-

312 2321 426 2390 λακισε
437 2318 531 2406 μὲν
509 2348 552 2389 αν
564 2320 660 2408 ἡμᾶς,
680 2317 987 2408 κατεφρόνησεδ’“
965 2347 1009 2387 αν
1019 2347 1078 2407 της
1089 2311 1250 2407 δυρεας
1227 2339 1302 2406 ηςΙι

312 2419 386 2507 παρ’
399 2417 494 2507 ὑμῶν
510 2425 623 2507 ἔλαβε,
646 2425 779 2507 παρειδε
799 2415 866 2487 δ
844 2447 887 2488 αν
902 2417 981 2498 τους
999 2418 1138 2505 νόμους;
1169 2418 1264 2487 πότε·

313 2544 354 2603 ρα
376 2518 412 2588 δε
434 2511 615 2586 κάλλιον
593 2546 637 2606 ην
657 2516 748 2607 αὐτῷ
776 2524 872 2598 ζῶντι
893 2522 1013 2602 πρᾶξαι
1032 2524 1153 2602 ταῦτα,
1175 2526 1266 2599 εἴπερ

311 2619 488 2705 ἐβούλετο,
521 2612 544 2701 ἢ
568 2612 785 2684 ἀποθανόντα
809 2616 972 2702 διαθήκας
992 2625 1199 2701 καταλιπεῖν,
1227 2610 1265 2693 ἀς

270 2712 354 2782 14οά
366 2715 481 2801 κύριος
496 2707 555 2799 ἦν,
577 2713 659 2782 ἀλλὰ
676 2715 744 2800 μὴν
762 2714 874 2782 αάτάν
891 2711 1266 2801 τῶννόμρινάκοάσαν-

312 2838 380 2899 τες,
402 2810 616 2899 γυαόσεσθε’
593 2839 637 2892 ως
652 2810 695 2880 06
712 2839 827 2900 κυριος
843 2806 888 2901 ἦν
900 2817 1087 2883 διαθέσθαι
1120 2808 1266 2898 λέγετον

312 2911 427 2997 νόμον.

701 3003 878 3065 ΝΟΜΟΣ.

386 3088 547 3196 [Ὅσοι
509 3121 551 3176 μη
569 3095 796 3201 ε’πεποίηντο,’
772 3118 844 3162 ωστε
859 3095 939 3202 μήτε
943 3094 1076 3162 ἀπειπεῖν
1087 3095 1144 3180 μήτ
1148 3086 1265 3162 ’ἔπιδι-
1267 3152 1274 3169 ,

207 3198 210 3207 “
295 3232 297 3235 ,
356 3175 545 3261 κάσασθαι,”
529 3205 575 3245 οτε
586 3175 689 3245 Σόλων
701 3177 832 3269 εἰσῄει
801 3208 855 3287 την
869 3176 978 3285 ἀρχὴν,
996 3209 1033 3246 τα
1019 3184 1150 3247 ἑαυτοῦ
1162 3181 1265 3247 διαθέ-

357 3271 430 3325 σθαι
441 3261 560 3368 είναι,”
543 3287 622 3339 οπως
633 3258 670 3330 ἀν
682 3271 719 3332 ἐθ
687 3245 827 3371 θέλῃ’“
776 3311 786 3345 ,
807 3293 845 3329 αν
827 3292 896 3369 μη
884 3257 1043 3343 παῖδες
1020 3286 1073 3332 ωσι
1083 3262 1202 3350 γνήσιοι
1213 3263 1265 3353 ἀρ-

358 3369 444 3450 ρενες,
457 3342 495 3410 ἀν
506 3343 546 3429 μὴ
557 3356 671 3451 μανιῶν
681 3346 702 3435 ἢ
712 3347 811 3456 γήρως
821 3345 841 3432 ἢ
845 3346 1044 3454 φαρμάκωνῆ
1054 3355 1144 3416 νόσου
1157 3350 1265 3450 ἕνεκεν,

356 3427 507 3536 ηγυναικλ
516 3428 707 3536 πειθόμενος,
724 3427 795 3497 ἀπὸ
801 3431 975 3498 τούτωντου
985 3441 1160 3521 παρανοῶν,
1179 3429 1201 3514 ἢ
1216 3423 1265 3496 ἀπ’

357 3510 498 3598 ἀνάνκιμ,
510 3511 531 3597 ἢ
541 3511 600 3580 ἀπο
588 3514 719 3599 δεσμοῦ
729 3524 952 3600 καταληφθείς]

272 3627 303 3680 15
399 3617 469 3677 T06
482 3611 596 3696 μὲν’
554 3639 662 3699 νομου
674 3621 790 3682 τοίνυν
807 3610 985 3700 ἀκηκόατε,
1002 3611 1039 3693 63
1050 3611 1114 3681 o6n
1132 3616 1171 3700 ἐᾷ
1194 3611 1266 3678 δια-

311 3708 420 3796 θήκας
436 3713 634 3799 διαθέσθαι,
657 3714 717 3783 ἐάν
732 3706 891 3793 παῖδες
864 3733 924 3781 ωσι
940 3713 1083 3800 γνήσιοι.
1116 3703 1213 3779 οάτοι
1231 3709 1270 3778 δέ
