3159 4409
771 363 778 393 δ

282 562 286 578 ‚
322 483 359 545 16
512 485 591 541 XLII.
624 479 1060 558 [ΔΗΜΟΣΘΕΝΟΤΣ]

317 647 372 712 καὶ
384 642 564 730 άφίσταμαι
581 640 660 728 μετά
677 647 733 725 τῆς
752 637 852 726 άλλης
868 637 983 720 οὐσίας
1000 644 1137 710 καὶτῶν
1153 644 1266 719 ἐντοῖς

319 748 443 829 ἔργοις,
463 739 522 809 ἐάν
539 735 594 826 μοι
610 738 671 825 τὴν
681 734 835 824 ἐσχατιάν
845 738 953 825 μόνην
966 743 1147 821 ἐλευθέραν
1158 763 1266 821 παρα-

319 846 377 932 δῷ,
390 839 501 925 ὥσπερ
511 832 555 926 ἦν
567 835 613 906 ὅτ’
624 835 736 922 ἐγώτὸ
748 843 882 922 πρῶτον
892 830 1002 922 ἦλθον
1013 844 1058 916 είς
1069 834 1176 923 αὐτὴν
1186 837 1265 922 μετὰ

205 993 207 998 -
288 952 291 957 '
318 937 508 1026 μαρτύρων,
519 939 575 1005 καὶ
585 933 660 1021 ἐάν,
672 932 713 1002 δν
723 940 838 1020 ἐξῆχεν
848 938 885 1002 ἐκ
896 943 963 1002 ταῖν
974 936 1162 1021 οἰκημάτων
1174 949 1266 1002 σίτου

274 1092 279 1105 ,
318 1040 374 1107 καὶ
391 1037 484 1106 οἶνον
495 1037 549 1103 καλ
566 1033 679 1120 τάλλα,
698 1031 909 1118 άφελοδνάπδ
926 1042 995 1102 των
1010 1042 1133 1127 θυρῶν
1146 1032 1186 1101 τά
1205 1055 1266 1118 ση-

275 1152 410 1224 εομεία,
429 1145 531 1204 ταῦτα
543 1134 644 1202 πάλιν
654 1139 700 1211 είς
710 1130 811 1200 ταύτὸ
830 1135 1027 1221 καταστήσῃ.
1056 1136 1112 1201 καὶ
1122 1137 1267 1215 τίλέγεις

318 1236 535 1322 ἔτικαλβοηῖςς
559 1229 649 1300 πόλλ’
662 1236 697 1300 ἐκ
712 1240 781 1300 ταῖν
798 1239 905 1318 ἔργων
916 1241 983 1300 τῶν
994 1232 1180 1318 ἀργυρείων
1191 1229 1266 1315 ἐγώ,
1297 1264 1309 1285 .

320 1340 495 1417 Φαίνιππε,
507 1330 671 1417 πρότερον
688 1329 788 1410 αὐτὸς
799 1338 845 1420 τῷ
857 1334 1003 1417 ἐμαυτοῦ
1013 1333 1139 1417 σάματι
1150 1339 1266 1398 πονῶν
1276 1339 1320 1394 104

310 1436 372 1501 καὶ
383 1427 594 1517 ἐργαζόμενος
605 1430 845 1516 συνελεξάμην·
858 1427 1019 1516 ὁμολογῶ.
1044 1433 1120 1498 νυνὶ
1133 1431 1168 1497 δὲ
1178 1430 1266 1515 πλην

318 1530 440 1616 ὀλίγων
452 1525 566 1595 ἅπαντ’
581 1526 785 1597 ἀπολώλεκα.
817 1527 861 1598 σύ
878 1527 910 1596 δ’
922 1531 958 1597 ἐκ
969 1531 1190 1615 τῆςέσχατιᾶς
1201 1535 1266 1595 νῦν

316 1625 1266 1715 πωλῶντάςκριθάςύκτωκαιδεκᾳδράχμουςκαλτόνοίνον

318 1727 610 1813 δωδεκάδραχμον,
630 1734 780 1806 πλουτεῖς
791 1728 941 1813 εἰκότως,
961 1728 1095 1796 ἐπειδάν
1106 1734 1203 1813 ποιῇς
1213 1731 1266 1793 σί-

316 1853 377 1895 του
387 1825 448 1912 μὲν
458 1831 636 1912 μεδίμνους
648 1827 750 1910 πλέον
760 1821 782 1911 ἢ
791 1833 932 1911 χιλίους,
950 1835 1046 1892 οίνον
1058 1828 1094 1891 δὲ
1105 1825 1265 1909 μετρήτας

274 1939 307 1992 21
316 1922 399 2009 ὑπὲρ
412 1923 635 2001 ὀκτακοσίους.
658 1928 705 1990 ἔτι
718 1917 782 1991 οὐν
793 1922 855 2010 την
864 1920 970 2010 αὐτὴν
980 1921 1065 2010 ἡμᾶς
1075 1924 1168 2002 τάξιν
1179 1930 1265 2008 ἒχειν

317 2029 381 2108 δεί,
403 2020 448 2108 μη
465 2029 523 2107 τῆς
541 2020 643 2107 αὐτῆς
654 2020 753 2107 τύχης
769 2019 851 2108 ἡμῖν
868 2022 1189 2108 παρακολουθούσης
1201 2029 1266 2088 νῦν

315 2149 350 2190 τε
371 2123 427 2189 καὶ
448 2120 626 2208 πρότερον;
657 2125 831 2206 μηδαμῶς
858 2119 984 2206 οὐγὰρ
1006 2125 1143 2188 δίκαιον.
1180 2117 1265 2188 ὐλλᾶ

243 2270 245 2277 1
317 2220 463 2300 διάδεξαι
481 2223 535 2286 καὶ
552 2216 595 2287 σύ
614 2221 668 2286 καὶ
681 2220 844 2305 μετάλαβε
860 2216 980 2306 μικρὸν
996 2217 1119 2304 χρόνον
1137 2226 1193 2304 τῆς
1204 2225 1265 2286 τοῦ

235 2325 241 2330 ’
317 2325 588 2403 λειτουργοῦντος
599 2319 728 2405 τάξεως,
752 2317 862 2405 ἐπειδὴ
885 2323 919 2386 οί
937 2319 998 2404 μὲν
1021 2320 1058 2385 ἐν
1074 2332 1142 2398 τοῖς
1158 2324 1265 2403 ἔργοις

233 2481 236 2485 .
316 2417 535 2505 ἠτυχήκασιν,
554 2415 647 2504 ὑμεῖς
664 2417 696 2487 δ’
708 2423 743 2486 oc
758 2426 983 2504 γεωργοῦντες
1001 2416 1169 2503 εὐπορεῖτε
1180 2425 1265 2503 μῦλ-

317 2526 378 2585 λου
394 2515 417 2601 ἢ
434 2524 610 2603 προσῆκεν.
643 2515 763 2585 ίκανδν
779 2518 844 2602 γάρ
853 2518 978 2604 χρόνον
989 2516 1041 2584 δύ’
1056 2514 1171 2595 οὐσίας
1181 2543 1265 2601 καρ-

215 2682 217 2686 ⁴
317 2616 482 2703 πούμενος
493 2621 658 2700 διατελεῖς,
666 2615 794 2702 τὴνμὲν
805 2623 865 2684 τοῦ
876 2616 977 2700 φύσει
987 2613 1265 2698 πατρόςΚαλλίπ-

317 2740 398 2801 που,
410 2715 470 2802 τὴν
483 2715 518 2783 δὲ
527 2721 587 2781 τοῦ
600 2711 824 2801 ποιησαμένου
835 2737 882 2797 σε,
895 2713 1121 2800 Φιλοστράτου
1131 2723 1193 2782 τοῦ
1203 2714 1265 2800 ρη-

271 2825 306 2877 22
315 2840 421 2899 τορος,
433 2817 488 2882 καλ
500 2812 599 2881 οὐδὲν
610 2813 740 2880 πύποτε
752 2815 896 2881 τουτοισί
911 2820 1098 2899 πεποίηκας.
1128 2820 1234 2880 καίτοι
1245 2810 1264 2880 ὁ

315 2914 376 3000 μὲν
387 2911 463 2997 ἐμὸς
478 2909 585 2997 πατὴρ
602 2915 698 2980 πέντε
716 2915 771 2980 καὶ
786 2912 1028 2998 τετταράκοντα
1044 2921 1139 2998 μνιῦν
1149 2912 1264 2997 μόνων

316 3013 474 3098 ἑκατέρω,
497 3011 567 3095 ἐμοὶ
579 3012 633 3077 καὶ
649 3017 697 3099 τῷ
707 3006 857 3098 ἀδελφῷ,
878 3008 1067 3099 τὴνούσίαν
1078 3012 1261 3094 κατέλιπεν,
1318 3058 1319 3061 ¹

315 3104 369 3191 ἀφ’
382 3098 422 3192 ἧς
436 3112 495 3193 ζῆν
506 3104 548 3175 οὐ
558 3108 676 3197 ῥᾴδιόν
692 3110 797 3177 ἐστιν·
820 3114 855 3177 οί
864 3112 900 3177 δὲ
918 3111 970 3178 σοὶ
987 3112 1122 3195 πατέρες
1139 3109 1263 3177 τοσού-

314 3230 382 3273 των
408 3198 494 3290 ἦσαν
517 3207 628 3291 κύριοι
648 3208 827 3293 χρημάτων
848 3206 930 3276 ὥσθ’
948 3210 1104 3293 ἑκατέρου
1124 3215 1262 3291 τρίπους

313 3301 491 3387 ἀνάκειται,
503 3304 712 3391 νικησάντων
721 3307 834 3375 αὐτῶν
840 3306 1006 3374 Διονύσια
1015 3304 1258 3393 χορηγούντων.

312 3405 367 3480 καλ
379 3401 420 3471 οὐ
431 3411 553 3488 φθονοῖ
561 3431 568 3444 ·
592 3409 645 3472 δεῖ
656 3405 720 3490 γάρ
736 3404 815 3484 τούς
832 3403 996 3489 εὐπόρους
1006 3409 1184 3490 χρησίμους
1196 3403 1261 3470 αὐ-

312 3498 554 3589 τούςπαρίχειν
567 3516 633 3583 τοῖς
646 3509 799 3582 πολίταις.
819 3504 863 3571 σύ
871 3509 986 3570 τοίνυν
996 3506 1104 3582 δεῖξον
1113 3509 1260 3587 χαλκοῦν

312 3601 371 3666 ἕνα
382 3599 489 3686 μόνον
497 3606 545 3689 εἰς
555 3601 616 3687 τὴν
624 3603 722 3670 πόλιν
733 3599 922 3688 ἀνηλωκώς,
938 3598 1023 3680 ὁτάς
1037 3600 1098 3669 δύο
1108 3609 1261 3686 λειτουρ-

267 3700 436 3784 ε3γούσας
447 3697 561 3778 οὐσίας
572 3701 794 3788 παρειληφώς.
822 3698 892 3771 ἀλλ’
904 3697 945 3768 οὐ
957 3703 1084 3779 δείξεις·
1107 3696 1260 3783 άποκρύ·
