3159 4409
461 493 606 555 RATA
628 494 1070 559 ΟΛΤΜΠΙΟΔΩΡΟΤ.
1176 498 1239 563 125

286 655 342 722 καὶ
351 651 414 741 τὴν
424 660 609 740 μαρτυρίαν
619 662 681 721 τοῦ
691 659 823 740 ἔχοντος
833 653 891 734 τάς
902 656 1083 744 συνθήκας.
1096 662 1170 746 λέγε
1181 659 1241 730 τόν

289 751 550 839 νόμονπριῖτον.
594 783 602 789 ·

345 920 347 925 .
568 896 571 902 ·
676 859 853 921 ΝΟΜΟΣ.

364 949 610 1037 ,Ἁναγίγνωσκε
624 949 665 1037 δὴ
682 955 737 1019 καὶ
751 950 816 1038 τὴν
831 959 1018 1039 μαρτυρίαν
1035 951 1241 1040 τῆνἈνδρο-

286 1055 429 1120 κλείδου,
611 1107 615 1115 .
1053 1055 1057 1061 ’
1162 1076 1164 1081 ·

643 1156 884 1219 MAPTYPIA.

243 1269 277 1324 12
367 1248 495 1336 Ἐπειδὴ
511 1248 547 1318 δ’
568 1247 747 1336 ὠμόσαμεν
761 1247 917 1336 ἀλληλοις
939 1254 1051 1318 καλαί
1071 1259 1242 1336 συνθῆκαι

285 1340 373 1435 ἦσαν
383 1356 531 1436 κείμεναι
541 1348 630 1433 παρά
646 1358 694 1436 τῷ
702 1348 951 1438 Ἀνδροκλείδῃ,
969 1354 1093 1418 διεῖλον
1103 1348 1168 1434 ἐμω
1178 1348 1240 1417 δύο

284 1442 477 1536 μερίδας,’ά
487 1449 609 1535 ἄνδρες
618 1454 779 1517 δικασταί
808 1451 864 1516 καὶ
880 1447 975 1534 ἡμὲν
991 1449 1084 1536 ἑτέρα
1093 1442 1139 1535 ἦν
1150 1451 1242 1534 μερίς

259 1593 264 1602 -
283 1543 422 1634 ἡοίκία,
446 1549 483 1614 ἐν
494 1537 516 1635 ᾗ
529 1544 607 1633 ρ’όκει
619 1543 747 1624 αὐτόςὸ
758 1546 897 1631 Κόνων,
920 1543 1198 1631 καίτάνδράποδα
1209 1550 1244 1613 οἱ

284 1645 536 1730 σακχυφάνται,
553 1640 575 1729 ἦ
588 1640 619 1711 δ’
633 1645 725 1728 ἑτέρα
736 1636 780 1729 ἦν
789 1647 882 1730 μερὶς
894 1649 981 1711 οίκία
993 1645 1085 1730 ἑτέρα
1094 1647 1150 1713 καὶ
1160 1642 1241 1712 τάν-

282 1744 438 1828 δράποδα
450 1748 484 1812 οί
493 1750 768 1831 φαρμακοτρίβαι
798 1741 964 1830 άρμάριον
980 1742 1014 1811 δ’
1025 1753 1060 1812 εί
1064 1769 1096 1812 τι
1109 1748 1241 1812 κατέλι-

282 1839 377 1910 πενὸ
390 1841 514 1911 Κόνων
524 1844 674 1928 φανερόν
684 1843 737 1912 ἐπί
754 1851 796 1930 τῇ
805 1845 946 1930 τραπέξη
957 1834 999 1930 τῇ
1012 1839 1238 1927 Ἡρακλείδου,
1249 1866 1315 1921 1111

282 1939 379 2011 τοῦθ’
393 1941 483 2009 ἅπαν
501 1943 621 2027 σχεδόν
636 1967 669 2008 τι
685 1939 847 2028 ἀνηλώθη
864 1951 912 2020 είς
927 1967 963 2010 τε
981 1939 1044 2028 τὴν
1061 1937 1173 2029 ταφὴν
1183 1943 1239 2010 καὶ

284 2039 390 2108 τάλλα
401 2039 441 2108 τὰ
453 2040 652 2126 νομιζόμενα
668 2042 723 2109 καὶ
741 2046 788 2119 είς
800 2038 867 2127 τὴν
877 2045 1070 2128 οἰκοδομίαν
1080 2049 1144 2109 τοῦ
1153 2042 1240 2128 μυή-

240 2165 395 2226 13-ματος.
429 2137 548 2208 διελων
566 2137 676 2225 δ”ἐγά
694 2137 753 2218 τάς
769 2141 832 2208 δύο
843 2138 967 2218 ταύτας
984 2145 1119 2224 μερίδας
1128 2144 1238 2208 ἔδωκα

284 2243 413 2322 αἵρεσιν
428 2240 535 2329 τούτῳ
549 2236 807 2326 Ὀλυμπιοδώρῳ
826 2236 990 2322 ὁποτέραν
1008 2239 1162 2325 βούλεται
1171 2247 1240 2307 τῶν

283 2343 430 2424 μερίδων
441 2345 565 2424 λαβεῖν,
585 2340 640 2405 καί
653 2330 751 2416 οὗτος
763 2342 866 2404 είλετο
877 2335 958 2415 τούς
968 2345 1240 2425 φαρμακοτρίβας

281 2433 545 2522 καὶτηνοίκίαν·
569 2434 634 2521 ἐμοὶ
651 2433 683 2501 δ’
698 2441 820 2523 ἔλαβον
836 2432 915 2511 τούς
933 2435 1167 2519 σακχυφάντας
1185 2438 1241 2504 καί

240 2555 272 2608 14
283 2535 347 2622 την
366 2540 476 2603 οίκίαν
498 2533 561 2620 τὴν
583 2535 705 2618 ἑτέραν.
746 2535 802 2600 καί
822 2528 911 2599 ταῦτ’
934 2536 1024 2599 ἔστιν
1043 2529 1066 2598 ά
1087 2531 1240 2616 ἑκάτερος

283 2633 382 2722 ἡμων
392 2633 485 2719 εἶχεν.
511 2636 548 2701 ἐν
560 2636 596 2700 δὲ
606 2641 647 2720 τῇ
658 2636 766 2718 μερίδι
776 2639 816 2720 τῇ
827 2628 1240 2718 τοντονίὈλυμπιοδάρου

283 2727 329 2821 ἦν
341 2731 387 2814 εἷς
398 2742 466 2802 τεόν
478 2739 774 2822 φαρμακοτριβῶν,
794 2728 836 2801 όν
847 2729 974 2817 μάλιστ’
985 2731 1112 2818 ἐνόμιζε
1124 2730 1242 2820 πιστὸν

284 2835 394 2922 ἑαυτῷ
414 2831 538 2903 εἶναιὸ
560 2834 700 2901 Κόνων·
733 2831 843 2918 ὄνομα
864 2833 901 2899 δὲ
920 2837 966 2920 τῷ
987 2827 1156 2921 άνθράπφ
1174 2833 1242 2899 ἐστί

284 2938 457 3018 Μοσχίων.
491 2923 591 3012 οὗτος
607 2930 626 3000 ὁ
644 2934 772 3018 οἰκέτης
790 2930 911 3016 σχεδόν
928 2957 960 2999 τι
977 2930 1050 3019 ᾔδει
1060 2931 1100 2997 τά
1115 2926 1140 2998 τ’
1154 2928 1239 2999 ἄλλα

284 3039 348 3099 τοῦ
358 3031 518 3110 Κόνωνος
541 3032 672 3100 ἅπαντα
696 3032 753 3098 καί
770 3030 810 3117 δη
830 3033 885 3099 καὶ
902 3029 939 3098 τὸ
959 3029 1120 3116 άργόριον
1132 3022 1176 3096 οὗ
1185 3022 1238 3114 ἦν,

240 3153 274 3206 15
284 3127 321 3198 τό
336 3133 437 3197 ἔνδον
452 3137 605 3217 κείμενον
621 3138 668 3220 τῷ
685 3129 830 3198 Κόνωνι.
863 3133 920 3199 καί
937 3128 977 3216 δη
996 3131 1050 3197 καί
1067 3127 1238 3197 ἔλαθετδν

283 3229 451 3314 Κόνωνα,
487 3228 714 3317 πρεσβύτερόν
742 3255 777 3298 τε
805 3229 886 3298 όυτα
919 3231 974 3297 καὶ
996 3229 1235 3299 πεπιστευκότα

282 3327 394 3420 αὐτῷ,
418 3328 666 3417 ὑφαιρούμενος
682 3327 719 3396 τό
739 3327 902 3416 άργόριον
919 3319 1053 3406 οὖτοςὸ
1076 3327 1235 3416 οίκέτηςὸ

282 3437 455 3516 Μοσχίων.
489 3431 544 3498 καί
564 3437 699 3514 πρῶτον
719 3430 781 3516 μὲν
803 3430 991 3514 ὑφαιρεῖται
1007 3424 1114 3496 αὐτοῦ
1133 3435 1237 3515 χιλίας

283 3529 432 3616 δραχμάς
452 3537 551 3617 χωρίς
577 3553 643 3597 που
670 3534 825 3615 κειμένας
850 3535 913 3595 τοῦ
934 3523 1039 3596 άλλου
1060 3525 1235 3615 ἀργυρίου,

283 3626 389 3696 ἔπειθ’
412 3631 522 3716 ἑτέρας
543 3629 771 3716 ἑβδομήκοντα
797 3634 890 3713 μνάς.
928 3629 1108 3697 καὶταῦτα
1129 3633 1236 3694 ποιεῖν

283 3727 451 3797 ἐλάνθανε
468 3726 528 3796 τὸν
539 3727 691 3797 Κόνωνα
724 3727 780 3795 καί
797 3724 838 3794 τό
853 3725 1017 3814 ἀργύριον
1032 3723 1126 3795 τοῦθ’
1145 3722 1236 3792 άπαν
