3159 4409
200 459 208 481 ⁴
313 501 375 566 τοο
541 504 569 560 ι.
605 494 1023 559 ΛΗΜοΣοπΝουΣ

311 671 379 732 τῶν
390 663 446 730 καὶ
461 655 726 746 ῦῆςῦπηρεσίας,
750 662 781 724 εί
795 655 860 744 φῂς
879 652 934 722 ὑπ’
947 658 1030 743 ἐμοῦ
1053 651 1178 733 αὐτοῦς
1199 657 1267 722 διε-

304 762 486 849 Ῑφδόρθαι,
508 755 713 844 παραλαβών
723 755 784 841 την
797 758 913 841 τριήρη
926 752 1028 834 αὐτός
1039 760 1152 844 σαυτῷ
1164 778 1267 832 κατα-

311 860 471 929 σκεύασαι
498 859 554 926 καὶ
581 855 707 933 ναύτας
731 856 787 922 καὶ
809 854 964 941 ἐπιβάτας
990 856 1047 923 καὶ
1069 852 1265 941 ὑπηρεσίαν,

227 970 229 973 ’
311 962 429 1038 οἵτινές
451 977 505 1025 σοι
524 954 628 1042 μηδὲν
648 953 806 1041 λαβόντες
827 952 1103 1049 ρυμπλεῦσονται.
1148 950 1211 1038 τὴν
1232 951 1267 1022 δὲ

311 1084 399 1127 ναυν
409 1054 595 1140 παραλαβε
622 1079 663 1120 ου
673 1077 751 1139 γαρ
749 1056 797 1120 ἔτι
806 1078 863 1138 μοι
873 1073 1031 1138 προσηκει
1041 1065 1265 1140 τριηραρχεῖν

259 1144 262 1148 ’
312 1156 377 1225 ὅτε
395 1152 460 1240 μδρ
480 1153 600 1240 χρόνος
617 1151 723 1236 ἐξήκει
733 1178 790 1237 μοι
801 1160 859 1238 τῆς
875 1159 1128 1238 τριηραρχίας,
1121 1153 1181 1250 καί
1192 1153 1266 1237 ἐπι·

267 1278 301 1335 37
311 1277 569 1338 τετριηραρχηκα
579 1276 733 1333 τετταρας
744 1276 858 1337 μηνας
881 1253 1033 1336 λεγοντος
1043 1253 1081 1318 δε
1083 1277 1156 1337 μου
1164 1276 1265 1335 ταυε,

306 1351 525 1472 ἀποκρίνεταί
539 1376 596 1436 μοι
614 1347 665 1417 ότι
682 1347 699 1416 ὁ
718 1349 978 1435 συντριήραρχος
1001 1347 1093 1439 αὐτῷ
1100 1348 1172 1436 οὐχ
1188 1349 1265 1469 Ιἥιιρι

312 1451 418 1520 ἐπὶ
380 1477 444 1538 την
461 1456 565 1518 ναῦν·
588 1447 716 1517 οὔκουν
733 1447 1091 1535 παραληψομαιμονος
1101 1475 1164 1535 την
1174 1474 1265 1536 τριη-

314 1577 364 1639 ρη.
401 1549 444 1631 ὡς
455 1543 520 1619 οῦν
531 1547 643 1636 ἀληθῆ
655 1556 758 1616 ταῦτα
775 1552 860 1634 λέγω
872 1545 954 1633 πρός
966 1544 1068 1634 ῦμῦς,
1090 1548 1195 1636 καὶέν
1204 1549 1265 1633 μὲν

313 1658 354 1737 τῇ
364 1648 470 1737 ἀγορᾷ
486 1647 685 1735 ἀπεκρίνατό
695 1673 751 1734 μοι
761 1645 802 1714 τοὶ
820 1648 999 1734 πρότερον,
1022 1646 1073 1715 ότι
1090 1645 1193 1717 οῦδὲν
1203 1644 1264 1715 55-
1289 1695 1299 1736 ·:

312 1754 360 1836 τῷ
376 1750 469 1833 με’λοι
486 1739 536 1814 55
552 1751 694 1832 λέγοιμι,
721 1750 759 1814 ἐν
777 1747 813 1814 δὲ
829 1755 872 1834 τῇ
889 1754 977 1836 οίκίρι
990 1739 1062 1816 οῦδ
1078 1747 1263 1835 Τιμόμαχος
1290 1818 1292 1825 ,

313 1846 488 1931 κατήγετο,
509 1844 560 1912 ότι
574 1844 676 1931 μόνος
687 1842 728 1911 05
739 1844 968 1930 παραλήψεται
979 1843 1041 1932 τὴν
1057 1852 1163 1931 ναῦν,
1184 1843 1263 1913 τοῦ·
1275 1851 1288 1917 ι’

234 1976 251 2011 s
312 1968 380 2011 των
390 1941 471 2029 ῦμῖν
481 1939 710 2028 ἀναγνώσεται
721 1941 779 2021 τδις
793 1951 984 2029 μαρτυρίας.
1027 2023 1029 2027 Ι

658 2048 916 2109 ΜΑΡΤΤΡΙΑῙ.

255 2163 303 2219 ,38
395 2137 492 2206 Μετὰ
502 2147 607 2207 ταῦτα
617 2145 748 2226 τοίνυν,
772 2134 799 2209 5
811 2140 1107 2228 ῦνδρεςδιιιασταὶ,
1130 2139 1263 2222 δςοῦτε

313 2229 411 2317 οῦτος
421 2237 523 2324 ἤθελέ
532 2239 659 2327 μοιπὴν
670 2248 758 2308 ναῦν
768 2243 993 2326 διαδέχεσθαι,
1016 2240 1094 2310 οῦτε
1111 2238 1263 2311 τᾶναλιό-

313 2335 384 2424 ματ’
396 2335 555 2406 ἀπεδίδου
572 2346 632 2406 τοῦ
649 2342 1020 2427 ἐπιτετριηραρχημένου
1034 2341 1177 2429 χρόνον,
1190 2341 1221 2410 ’ό
1230 2367 1264 2410 τε

315 2439 495 2524 στρατηγός
506 2442 658 2508 ἐπίταττέ
666 2466 722 2526 μοι
732 2439 934 2526 ἀνοίγεσθαι,
956 2439 1156 2525 προσελθών
1172 2439 1264 2529 αὐτῷ

315 2538 352 2604 ἐν
363 2537 462 2625 Θάσῳ
481 2540 517 2605 ἐν
527 2546 575 2625 τῷ
585 2541 693 2624 λιμένι
709 2542 862 2607 ἐναντίον
878 2547 940 2608 τοῦ
952 2549 1156 2626 στρατηγοῦ,
1180 2538 1265 2627 πλή-

314 2659 394 2754 ρους
405 2633 507 2720 οὔσης
517 2643 575 2721 τῆς
586 2636 757 2723 τριήρους,
776 2644 890 2723 ἔλεγον
906 2635 1050 2706 δδίιιαια
1060 2639 1122 2725 μὲν
1133 2636 1197 2708 οῦκ
1209 2632 1263 2726 ἦν,

314 2730 825 2824 ἄλλοἰπλεονεκτήματατοότου,
850 2735 1014 2823 ἀναγκαία
1033 2743 1071 2806 δε
1079 2764 1136 2824 μοι
1147 2741 1186 2807 ἐκ
1196 2759 1267 2807 των

267 2856 302 2910 39
314 2834 490 2917 παρόντων
502 2833 638 2919 είπεῐν,“
639 2833 762 2922 ’ἐπειδή
774 2857 827 2904 σοι
839 2836 921 2923 φῂς,
944 2864 971 2904 ω
959 2830 1197 2924 Πολύκλεις,
1205 2838 1264 2906 τον
1272 2844 1314 2902 121

307 2925 594 3054 “συντρνη’ραρχον
605 2931 666 3020 οὐχ
678 2933 783 3021 ἥκειν,
795 2962 855 3004 του
840 2937 928 3022 μὲν
939 2932 1266 3024 ἑπιτετριηραρχημέ·

308 3029 392 3101 “νου
403 3058 527 3118 χρονου
538 3035 667 3102 ἐκεινου
678 3035 742 3119 ἐμω
753 3037 917 3122 πραξομαι
925 3033 1174 3122 ταναλωματ
1152 3063 1196 3104 αν
1205 3036 1266 3104 δυ-

308 3127 454 3219 “νωμαι,
480 3133 864 3221 τῦντεττόρωνμηνῦν·
885 3133 976 3202 οὐδὲ
987 3131 1239 3221 παραλαβών
1204 3162 1266 3222 την

309 3225 418 3298 “ναῦν
432 3240 565 3317 πρῦτον
575 3235 636 3319 μὲν
648 3231 707 3302 τόν
718 3232 803 3320 ὑπὲρ
816 3242 958 3303 σεαυτοῦ
972 3235 1096 3320 χρόνον
1105 3233 1266 3321 τριηρόρε

306 3324 441 3414 “χησον,
454 3328 532 3409 τοῦς
542 3334 576 3411 ἓξ
586 3340 708 3418 μῆνας·
726 3330 822 3400 ἔπειτ’
835 3332 894 3400 ἐὰν
905 3336 966 3419 μέν
977 3352 1031 3400 σοι
1040 3338 1124 3420 ἔλθη
1135 3335 1174 3402 ἐν
1184 3330 1265 3400 τοῦ·

307 3421 403 3512 ῗτριὸ
423 3430 696 3550 συντριήραρχος,
719 3434 834 3520 ἐκείνῳ
847 3432 1053 3516 παραδώσεις
1069 3431 1265 3519 λειτουργή-

222 3520 405 3610 “σας,
426 3524 487 3593 ἐὰν
503 3527 593 3595 δὲ
551 3556 614 3617 μη,
635 3529 735 3598 οῦδὲν
752 3531 865 3599 δεινόν
880 3538 984 3600 πείσει
996 3533 1058 3601 δύο
1075 3541 1183 3620 μῆνας
1193 3537 1265 3618 5257

267 3621 324 3688 45‘
328 3624 577 3711 τριηραρχήσας.
613 3625 636 3716 5
663 3629 727 3714 555
749 3626 848 3716 μὲν’
832 3657 850 3697 ο
872 3631 933 3698 τόν
953 3657 988 3698 τε
1009 3629 1094 3716 ὑπὲρ
1116 3604 1265 3718 ἐμαυτοῦ

304 3720 452 3810 ’χρόνον
462 3726 522 3793 καί
538 3735 600 3794 τοῦ
616 3729 882 3817 συντριηράρχου
896 3728 1176 3816 λελειτουργηιιῦς
1186 3731 1262 3807 ἐπε·
