3159 4409
248 529 259 565 ,ι
311 481 371 545 118
486 485 591 543 XLVII.
629 481 1074 564 [ΔΗΜΟΣΘΕΝΟῬΣ]

310 668 376 729 μου
387 641 521 729 λάβοιεν
531 644 681 728 ἐνέχυρα,
688 641 833 728 ἀσμενον
845 641 986 729 ἀφήσειν
996 671 1037 731 με
1045 647 1123 726 τούς
1132 646 1262 732 μα’ρτυ-

311 767 370 827 ρας
385 748 453 809 τῶν
463 745 778 828 ψευδομαρτυριῶν,
800 738 884 807 ὥστε
895 739 1075 829 ἀπολαβεῖν
1086 743 1178 829 μετὰ
1189 747 1262 812 ἐνέ

268 858 301 912 75
310 865 404 926 χυρα.
437 842 491 907 καί
503 837 613 926 ἐπειδὴ
625 840 768 925 ἐδεήθην
778 835 883 913 αὐτοῦ
895 837 1122 927 ἀναβαλέσθαι
1132 869 1189 931 μοι
1199 842 1262 930 τήν

311 937 551 1026 ὑπερημερίαν,
574 938 890 1025 ἀσμενοςήκουσεν,
912 943 967 1006 ἵνα
980 936 1187 1028 ὑπερήμερος
1198 939 1263 1009 αύ-

310 1044 357 1124 τῷ
367 1043 525 1123 γενοίμην
536 1038 590 1104 καὶ
601 1037 822 1123 ἐκφορήσαιτό
833 1062 899 1122 μου
911 1034 954 1115 ὡς
966 1045 1108 1106 πλείστα.
1140 1037 1262 1107 καὶδιά
1270 1049 1333 1103 1162

310 1145 409 1205 τοῦτο
426 1134 557 1215 ἀκόκως
573 1139 629 1205 καί
643 1139 725 1223 ταχύ
736 1163 793 1224 μοι
804 1133 1031 1224 ὡμολόγησεν,
1052 1142 1108 1214 ἵνα
1118 1139 1263 1219 πιθανός

309 1239 442 1322 γένηται
458 1235 514 1302 καὶ
533 1231 577 1320 μή
597 1233 790 1322 καταφανής
807 1235 1051 1322 ἐπιβουλεύων,
1073 1234 1263 1323 ἡγούμενος

310 1332 373 1402 ούκ
392 1332 474 1402 εἶναι
494 1329 585 1421 αὑτῷ
596 1331 639 1399 δι’
654 1332 759 1402 ἀλλον
770 1333 897 1427 τρόπον
907 1331 986 1412 τούς
996 1334 1166 1420 μάρτυρας
1176 1334 1263 1422 ἀφε-

309 1440 414 1519 θῆναι
428 1439 496 1499 τῶν
512 1427 842 1520 ψευδομαρτυριάνή
859 1430 913 1500 διδ
924 1441 986 1500 τοῦ
997 1436 1195 1521 ἐξαπατῆσαι
1205 1438 1260 1504 καὶ

309 1538 424 1618 λαβεῖν
440 1555 480 1614 με
497 1527 709 1616 ὑπερήμερον
724 1533 779 1598 καὶ
791 1531 1045 1616 ἐκφορήσασθαι
1054 1528 1098 1610 ὑς
1109 1540 1260 1602 πλεῖστα·

309 1628 351 1696 ού
366 1626 430 1713 γάρ
447 1624 510 1695 ὅσα
527 1633 642 1713 ἔχουσί
656 1655 722 1715 μου
741 1628 822 1720 ᾤετο
839 1631 1023 1716 λήψεσθαι,
1053 1625 1137 1698 ἀλλά
1150 1633 1263 1722 πολλῷ

268 1747 301 1802 76
310 1731 418 1794 πλείω.
453 1726 507 1793 καὶ
523 1724 584 1793 τόν
601 1729 663 1811 μὲν
679 1725 782 1794 ἀλλον
794 1726 917 1812 χρόνον
927 1724 1088 1813 ἀνέμενεν
1099 1725 1195 1808 ὑςού
1205 1727 1261 1798 διά

309 1827 433 1910 ταχέων
449 1849 490 1910 με
510 1832 692 1910 ποριοῦντα
704 1823 794 1913 αύτῷ
806 1822 842 1892 τό
855 1822 1034 1913 ἀργύριον,
1056 1829 1263 1915 βουλόμενος

309 1918 368 1988 ὑπ’
398 1920 520 2001 αὐτούς
539 1921 618 2002 τούς
639 1921 771 2008 ἀγῶνας
791 1929 860 1990 τῶν
882 1928 1178 2011 ψευδομαρτυριῶν
1200 1923 1263 2011 τήν

269 2030 271 2035 ’
309 2027 523 2111 ἐνεχυρασίαν
546 2049 612 2109 μου
634 2023 854 2110 ποιήσασθαι·
887 2022 999 2109 ἐπειδὴ
1026 2021 1059 2113 δ’
1084 2023 1262 2110 ἐπήγγειλα

309 2121 400 2212 αύτῷ
417 2129 620 2209 κομίσασθαι
635 2120 697 2208 τήν
714 2125 827 2207 δίκην,
850 2122 962 2190 ἐλθόν
978 2147 1044 2207 μου
1060 2121 1101 2188 τά
1112 2147 1147 2189 τε
1158 2122 1271 2208 σκεύη

310 2225 365 2289 καί
380 2220 458 2300 τοὺς
473 2224 599 2299 οίκέτας
608 2223 664 2289 καὶ
673 2219 713 2287 τά
725 2222 876 2308 πρόβατα
888 2226 1007 2307 ἐλαβεν
1018 2219 1091 2288 ἀντὶ
1103 2225 1165 2287 τοῦ
1175 2217 1262 2288 ἀπο-

311 2329 434 2408 λαβεῖν.
457 2327 596 2407 γεωργοί
607 2321 643 2389 δὲ
653 2319 737 2408 πρός
747 2327 793 2409 τῷ
805 2320 1015 2409 ἱπποδρόμῳ,
1030 2317 1113 2387 ὥστε
1124 2316 1166 2388 οὐ
1176 2317 1262 2406 πόρ-

270 2445 303 2501 77
312 2446 359 2507 ρει
370 2424 435 2488 ἔδει
447 2418 551 2489 αύτδν
562 2424 682 2488 ἐλθεῖν.
705 2419 756 2487 ότι
767 2417 799 2488 δ’
811 2419 922 2507 ἀληθῆ
933 2423 1033 2506 λέγω,
1045 2422 1129 2504 μέγα
1140 2417 1262 2505 τεκμή-

311 2546 385 2605 ριον
401 2519 481 2605 ὑμίν
498 2524 594 2587 ἔστω·
616 2528 658 2607 τῇ
673 2517 831 2607 ὑστεραία
847 2519 911 2604 γδρ
922 2520 1094 2604 ἐκομίσατο
1104 2514 1141 2585 τό
1154 2515 1263 2602 ἀργύ-,

310 2643 385 2702 ριον
400 2624 459 2702 τής
470 2612 595 2701 δίκηςή
606 2615 645 2683 τά
658 2619 795 2701 ἐνέχυρα
808 2622 934 2703 ἐλαβεν,
968 2622 1074 2683 καίτοι
1085 2622 1154 2694 πῶς
1165 2611 1220 2702 ἀν,
1232 2620 1263 2682 εί

309 2713 352 2801 μή
370 2715 608 2797 πεπορισμένος
624 2705 683 2796 ήυ,
707 2711 813 2790 εύθὺς
829 2711 972 2799 ἀπέλαβε
988 2710 1026 2781 τδ
1038 2711 1200 2799 ἀργύριον
1210 2741 1262 2800 χι-
1279 2777 1283 2791 ,

310 2819 381 2890 λίας
400 2815 587 2895 τριακοσίας
603 2813 769 2895 δεκατρεῖς
785 2808 841 2877 δύ’
861 2808 970 2898 ὀβολοί
977 2840 985 2889 ;
1006 2813 1062 2878 καὶ
1071 2808 1111 2877 τά
1122 2811 1261 2899 ἐνέχυρά

310 2937 367 2996 μοι
377 2906 440 2974 ούκ
453 2903 624 2992 ἀπεδίδου,
635 2906 708 2975 ἀλλ’
721 2914 769 2975 ἐτι
778 2911 833 2976 καὶ
844 2917 909 2977 νῦν
919 2914 983 2994 ἔχει
994 2907 1038 2988 ὣς
1050 2907 1262 2995 ὑπερημέρου

310 3006 414 3082 ὄντος.
449 3003 500 3072 ότι
511 3002 543 3071 δ’
556 3003 619 3072 ούκ
630 2998 674 3092 ήν
685 3003 775 3096 αύτῷ
786 3004 1007 3094 ὑπερήμερος,
1020 3007 1197 3093 ἀνάγνωθί
1204 3035 1262 3096 μοι

309 3101 370 3170 τόν
385 3102 489 3190 νόμον
505 3106 560 3171 καὶ
578 3101 640 3191 τήν
654 3113 856 3192 μαρτυρίαν,
879 3105 916 3187 δς
926 3106 1053 3176 κελεύει
1063 3107 1164 3194 κύρια
1176 3107 1262 3176 εἶναι

309 3200 329 3268 ό
346 3227 376 3267 τι
387 3196 659 3293 ἀνέτεροςὲτέρῳ
672 3200 878 3294 ὁμολογήση,
901 3205 984 3274 ὥστε
995 3205 1104 3274 οὐκέτι
1113 3199 1157 3293 ἦν
1167 3204 1259 3293 αὐτῷ

309 3298 418 3388 δήπου
428 3297 642 3388 ὑπερήμερος.

554 3409 730 3471 ΝΟΜΟΣ.
769 3408 1009 3474 ΜΑΡΤῬΡΙΑ.

269 3519 303 3574 73
387 3495 445 3576 Ὡς
461 3501 521 3584 μὲν
537 3507 653 3569 τοίνυν
670 3498 860 3587 ὡμολόγησε
877 3501 932 3567 καί
943 3498 1121 3588 ἀνεβάλετό
1131 3526 1187 3587 μοι
1196 3499 1258 3588 τήν

308 3594 541 3684 ὑπερημερίαν,
549 3599 794 3685 μεμαρτύρηται
804 3596 898 3685 ὑμῖν·
911 3595 955 3677 ὑς
964 3597 1000 3666 δέ
1008 3601 1256 3686 ἐτριηράρχουν,

306 3692 594 3781 ὁσυντριήραρχός
603 3723 659 3782 μοι
667 3696 906 3784 μεμαρτύρηκε,
914 3701 969 3766 καί
978 3694 1145 3784 ὑςήναύς
1156 3711 1332 3785 awa-1163
