3159 4409
295 487 359 552 οιο
509 492 561 550 ιτ.
598 457 1032 565 [Διιωοεεεωονει

295 655 388 734 νείην
399 646 602 732 παραλιπών.
634 645 772 731 άρξομαι
784 643 816 712 δ’
828 643 893 712 άπό
910 655 968 732 τῆς
977 652 1038 713 τοῦ
1053 649 1173 730 γένους
1183 643 1247 712 αὑ-

295 744 483 831 τωνάρχης.

268 867 287 920 4
375 841 415 910 Ἡ
429 842 493 928 γάρ
511 841 658 928 εὐγένεια
674 845 780 908 τῶνδε
797 849 864 908 τῶν
882 839 1016 926 ἀνδρῶν
1032 844 1070 909 ἐκ
1090 847 1246 909 πλείστου

294 941 418 1028 χρόνου
429 940 518 1025 παρὰ
529 947 630 1006 πᾶσιν
641 936 834 1024 ἀνθρώποις
845 937 1104 1026 ἀνωμολόγηται.
1128 936 1170 1007 οὑ
1180 936 1245 1024 μὰρ

294 1039 402 1126 μόνον
418 1043 464 1115 είς
481 1034 588 1120 πατέρ’
608 1034 721 1116 αὐτοῖς
736 1040 792 1104 καί
809 1044 878 1104 τοῖν
896 1036 968 1105 ἅνω
982 1038 1161 1124 προγόνων
1176 1035 1246 1106 κατ’
1252 1044 1308 1100 1390

294 1132 799 1223 άνδραάνενεχκεῑνὲκάστφτῆν
808 1111 1246 1221 φύσινέστιν,άλλέίς“ὁ’λην

294 1243 390 1321 κοινῇ
405 1232 467 1320 τὴν
483 1232 701 1320 ὑπάρχουσαν
718 1239 876 1320 πατρίδα,
898 1227 939 1321 ἧς
948 1233 1153 1321 αὐτόχθονες
1164 1233 1246 1321 ὁμο-

295 1341 473 1419 λογοῦνται
483 1331 575 1402 εἶναι.
595 1334 692 1418 μόνοι
699 1330 764 1420 γάρ
775 1333 913 1401 πάντων
922 1331 1126 1418 άνδράπων,
1138 1336 1172 1413 ἐξ
1182 1325 1246 1420 ἦσ-

295 1459 357 1521 περ
369 1440 514 1520 ἔφυσαν,
537 1432 660 1518 ταύτην
677 1432 812 1523 ᾤκησαν
827 1434 882 1500 καὶ
892 1445 960 1511 τοϊς
970 1435 1003 1512 ἐξ
1019 1429 1133 1499 αὑτων
1142 1436 1245 1516 παρέ-

297 1538 423 1618 δωκαν,
436 1530 519 1601 ὥστε
529 1536 662 1611 δικαίως
673 1530 717 1598 άν
727 1557 776 1611 τις
786 1529 951 1618 ὑπολάβοι
959 1528 1039 1609 τοὺς
1050 1530 1111 1616 μὲν
1121 1531 1245 1617 ἐπήλυ-

297 1637 355 1710 δας
366 1631 525 1709 ἐλθόντας
537 1636 582 1710 είς
591 1628 652 1710 τάς
663 1631 775 1709 πόλεις
791 1629 985 1699 καὶτούτων
995 1636 1130 1707 πολίτας
1139 1649 1245 1716 προσ-

296 1734 557 1815 αγορευομένους
585 1727 720 1815 ὁμοίους
749 1727 835 1797 εἶναι
860 1742 929 1807 τοῖς
956 1733 1153 1814 εἰσποιητοῖς
1178 1733 1244 1794 τῶν

295 1830 438 1912 παίδων,
455 1827 593 1904 τούτους
603 1829 639 1894 δὲ
649 1833 807 1912 γνησίους
816 1828 906 1917 μόνω
918 1835 975 1913 τῆς
985 1831 1141 1911 πατρίδος
1151 1831 1244 1894 πολί-

271 1923 455 2003 5ταςείναι.
486 1928 580 1992 δοκεῖ
587 1927 627 1991 δέ
632 1951 688 2010 μοι
699 1928 754 1992 καὶ
764 1924 801 1992 τὸ
813 1925 892 2004 τοὺς
902 1919 1136 2011 καρποὺς,ὀῖς
1147 1931 1244 2006 ζῶσιν

296 2019 570 2105 άνδρωποι,παρ’
581 2019 661 2107 ἡμῖν
672 2021 813 2106 πράτοις
824 2032 988 2110 φανῆναι,
1007 2025 1245 2110 χωρλςτοῦμέ-

295 2141 409 2205 χιστον
419 2117 604 2206 εὐεργέτημ’
612 2126 658 2199 εἰς
667 2120 792 2200 πάντας
802 2119 1245 2209 χενέσθαι,ὁμολοηούμενον

296 2232 429 2305 σημείου
449 2216 609 2306 ὑπάρχειν
631 2226 692 2287 τοῦ
710 2222 833 2306 μητέρα
854 2219 915 2307 τὴν
937 2221 1051 2308 χάραν
1072 2220 1243 2289 εἶναιτῶν

294 2316 462 2406 ἡμετέρων
479 2320 664 2404 προγόνων.
697 2318 804 2387 πάντα
816 2320 880 2405 γὰρ
892 2318 933 2388 τά
944 2328 1096 2389 τίκτοντα
1112 2317 1181 2404 άμα
1192 2320 1244 2386 καὶ

294 2418 423 2505 τροφὴν
438 2433 506 2497 τοῖς
523 2421 728 2505 γιγνομένοις
744 2416 796 2486 ἀπ’
812 2416 913 2504 αὐτῆς
923 2425 981 2504 τῆς
992 2418 1125 2504 φάσεως
1135 2418 1242 2502 φέρει·

295 2513 376 2600 ὅπερ
387 2515 476 2602 ἤδεὴ
489 2517 579 2602 χάρα
589 2524 755 2603 πεποίηκε.

268 2632 284 2684 6
382 2614 429 2679 Τά
440 2615 501 2700 μὲν
513 2607 576 2681 οὑν
587 2621 632 2692 είς
642 2619 737 2699 γένος
748 2612 916 2700 ἀνήκοντα
926 2622 1061 2682 τοιαῦτα
1072 2611 1111 2680 δι’
1125 2619 1243 2691 αἰῶνος

294 2707 433 2796 ὑπάρχει
450 2725 517 2791 τοῖς
533 2716 638 2779 τῶνδε
649 2720 718 2780 τῶν
734 2711 869 2798 άνδροὶν
880 2713 1065 2798 προγόνοις.
1100 2712 1140 2779 τά
1153 2710 1186 2779 δ’
1199 2717 1244 2788 είς

293 2806 451 2893 ἀνδρείαν
467 2811 522 2877 καί
539 2807 599 2894 την
616 2809 722 2895 άλλην
738 2809 858 2897 ἀρετὴν
876 2812 983 2879 πάντα
1010 2811 1071 2897 μὲν
1092 2817 1243 2879 κατοκνῶ

295 2909 412 2992 λέγειν,
426 2906 671 2993 φυλαττόμενος
682 2906 726 2994 μὴ
744 2917 847 2995 μῆκος
858 2908 998 2995 ἄκαιρον
1015 2912 1243 2997 ἐγχένηταιτῷ

294 3007 397 3094 λόγῳ·
415 3002 443 3080 ,δι’
458 3005 493 3073 δὲ
504 3007 558 3073 καὶ
568 3019 636 3084 τοῖς
647 3007 750 3074 εἰδόσι
764 3007 906 3094 χρήσιμα
920 3006 1180 3094 ἀναμνησθῆναι
1190 3007 1244 3074 καλ

294 3119 360 3183 τοῖς
370 3102 516 3189 άπείροις
526 3105 684 3172 κάλλιστα
695 3101 853 3190 άκοὺσαι,
875 3109 929 3172 καὶ
945 3111 1043 3191 ζῆλον
1060 3103 1244 3191 έχειπολὺν

294 3205 347 3270 καλ
359 3211 462 3290 μῆκος
474 3205 577 3289 λόχου
586 3203 732 3290 άλυπον,
753 3212 857 3272 ταῦτα
872 3207 926 3273 ἐπὶ
940 3210 1131 3289 κεφαλαίων
1142 3210 1245 3272 εἰπεῖν

267 3303 500 3389 Ίπειράσομαι.
529 3307 562 3370 οί
576 3302 639 3388 γάρ
655 3310 712 3388 της
728 3302 812 3370 κατά
823 3302 883 3371 τὸν
892 3304 1042 3388 παρόντα
1052 3302 1178 3389 χρόνον
1188 3328 1244 3387 χε-

294 3404 371 3474 νεᾶς
392 3401 552 3484 πρόγονοι
579 3403 633 3469 καλ
657 3404 793 3484 πατέρες
819 3403 875 3469 καλ
902 3402 1031 3470 τούτων
1052 3401 1163 3469 ἐπάνω
1185 3399 1244 3480 τάς

295 3501 514 3582 ’προσηγορίας
524 3507 668 3587 ἔχοντες,
692 3497 743 3579 αἷς
758 3497 823 3568 ὑπὸ
836 3508 905 3567 των
917 3503 955 3568 ἐν
965 3503 1053 3585 μένει
1062 3505 1243 3584 γνωρίζον-

294 3621 360 3680 ται,
383 3591 543 3679 ἠδίκησαν
559 3599 622 3683 μὲν
638 3595 761 3666 οὐδένα
778 3598 909 3666 πώποτε
920 3596 997 3665 οὑτε
1010 3596 1153 3683 Ἕλληνα
1165 3596 1242 3664 οὔτε
1273 3640 1281 3648 -

293 3694 475 3781 βάρβαρον,
488 3692 554 3762 ἀλλ’
568 3694 714 3782 ὑπῆρχεν
724 3694 836 3776 αὑτοῖς
846 3694 928 3781 πρὸς
938 3694 1041 3763 άπασι
1050 3708 1118 3774 τοῖς
1129 3693 1242 3772 ἄλλοις
