3159 4409
311 487 374 553 126
505 490 620 549 vam.
642 484 1059 547 ΔΗΜΟΣΘΕΝΟῬΣ

269 663 303 718 16
313 649 398 735 εἶχεν
409 647 511 729 αὑτὰς
520 647 559 717 δι’
572 649 693 716 ἑαυτοῦ
706 643 725 713 ὁ
737 644 927 729 ἅνθρωπος.
957 642 1000 710 οὑ
1011 652 1125 736 πολλῷ
1135 643 1173 712 δὲ
1183 643 1262 732 χρό-

311 775 360 838 νῳ
375 745 517 833 ὕστερον
523 798 533 831 ,
557 739 584 813 ώ
602 745 722 831 ἀνδρες
739 744 906 828 δικασταί,
926 741 949 828 ή
959 739 1051 828 ήμεῑς
1068 744 1261 830 διειλόμεθα

311 846 369 924 τάς
379 851 523 933 μερίδας,
535 843 663 925 ὑποψία
672 869 721 921 τις
732 845 860 928 ἐγένετο
867 844 922 909 καὶ
932 845 1173 931 αίσθησιςπερί
1182 842 1263 911 τάν-

311 944 453 1031 θρώπου
473 944 610 1013 τούτου·
644 945 681 1013 ἐκ
702 941 739 1009 δὲ
766 940 888 1026 ταύτης
908 949 967 1028 τῆς
986 942 1133 1023 ὑποψίας
1154 942 1263 1011 ἐδόκει

311 1047 383 1132 ἐμοὶ
399 1045 454 1111 καὶ
469 1039 574 1133 τούτῳ
582 1038 838 1129 Ὀλυμπιοδώρῳ
854 1045 1043 1126 βασανίζειν
1052 1039 1113 1108 τὸν
1123 1040 1263 1127 ἀνθρω-

312 1168 386 1212 πον.
427 1142 481 1209 καί
492 1138 510 1208 ὁ
523 1139 722 1227 ἅνθρωπος,
740 1131 899 1220 ώάνδρες
910 1138 1190 1223 δικασταί,·αὑτός
1201 1137 1263 1207 αὑ-

312 1248 373 1313 τοῦ
384 1252 531 1324 κατεῖπε,
556 1239 635 1323 πρὶν
653 1241 906 1323 βασανιῖεσθαι,
928 1235 980 1304 ὅτι
995 1245 1100 1321 χιλίας
1117 1239 1264 1325 δραχμὰς

312 1336 467 1425 ὑφέλοιτο
480 1344 540 1407 τοῦ
551 1336 721 1420 Κόνωνος,
733 1338 788 1403 καὶ
799 1339 862 1420 ἔφη
874 1333 959 1402 εἶναι
973 1331 1046 1418 παρ’
1062 1336 1170 1426 ἑαυτῷ
1181 1335 1263 1406 ὅσον
1271 1348 1311 1404 117

312 1437 357 1525 μή
373 1429 417 1524 ήν
432 1435 660 1523 ἀνηλωμένον·
692 1437 767 1519 περὶ
787 1437 825 1501 δὲ
844 1442 906 1502 τοῦ
927 1441 1079 1515 πλείονος
1100 1433 1264 1521 ἀργυρίου

271 1557 304 1612 17
314 1534 390 1604 οὐδ’
404 1533 518 1604 ὁτιοῦν
535 1535 627 1604 εἶπεν
646 1540 683 1605 ἐν
700 1541 747 1623 τῷ
757 1533 831 1602 τότε
852 1533 971 1621 χρόνῳ.
1006 1534 1061 1600 καὶ
1082 1530 1264 1602 ἀποδίδωσι

314 1637 389 1721 περὶ
400 1639 568 1714 ἑξακοσίας
584 1633 678 1712 τινάς
695 1634 849 1720 δραχμάς.
882 1634 937 1700 καί
948 1630 1073 1700 τούτου
1085 1638 1147 1699 τοῦ
1158 1629 1264 1719 ἀργυ-

315 1739 401 1819 ρίου,
413 1725 456 1800 οὑ
466 1731 665 1802 ἀπέδωκενὸ
676 1733 983 1820 ἀνθρωπος,καλώς
993 1734 1048 1800 καὶ
1059 1736 1193 1812 δικαίως
1203 1758 1264 1801 κα-

314 1830 354 1899 τά
365 1829 444 1924 τοὺς
454 1830 578 1914 ὅρκους
589 1829 650 1910 οὑς
662 1831 840 1918 ώμόσαμεν
850 1828 942 1917 ἡμεῖς
952 1834 1007 1899 καὶ
1018 1830 1101 1899 κατά
1112 1827 1172 1910 τάς
1182 1851 1265 1900 σνν-

206 1998 211 2003 .
315 1931 425 2018 θήκας
435 1929 494 2009 τάς
504 1935 656 2016 κειμένας
666 1931 755 2016 παρὰ
766 1937 814 2018 τῷ
822 1927 1053 2018 Ἀνδροκλείδῃ
1065 1926 1102 1996 τό
1115 1930 1178 2015 μὲν
1188 1928 1266 2017 ἥμι-

316 2051 359 2099 συ
378 2027 443 2114 ἐγώ
467 2035 598 2116 ἔλαβον,
622 2028 659 2097 τὺ
684 2027 714 2096 δ’
737 2029 840 2115 ήμισυ
859 2027 973 2097 οὑτοσὶ
990 2026 1265 2121 Ὀλυμπιόδωρος.

273 2158 308 2214 13
316 2126 396 2215 μετά
415 2129 451 2198 δὲ
467 2126 557 2197 ταῦτ’
569 2126 613 2196 οὑ
627 2135 740 2218 πολλῷ
757 2127 867 2217 χρόνῳ
879 2127 1021 2215 ὕστερον
1031 2130 1068 2196 ἐκ
1078 2127 1201 2214 ταύτης
1209 2136 1268 2215 τῆς

315 2225 459 2308 ὑποψίας
475 2236 532 2314 τῆς
549 2226 632 2315 πρὸς
647 2229 707 2296 τὸν
724 2228 855 2314 οἰκέτην
872 2231 947 2313 περὶ
963 2233 1024 2294 τοῦ
1042 2224 1206 2312 ἀργυρίου
1216 2219 1270 2294 ὀὑ

316 2324 495 2411 ἀπέδωκεν,
513 2332 610 2413 ἔδησε
620 2327 681 2394 τὸν
692 2327 877 2409 ἀνδρωπον
892 2328 948 2394 καί
960 2325 1156 2413 ἐβασάνισεν
1168 2322 1269 2404 αὑτὸς

316 2424 365 2515 ἐφ’
379 2430 510 2513 ἑαυτοῦ,
521 2424 608 2513 ἡμᾶς
619 2427 655 2495 δέ
666 2423 708 2494 οὑ
719 2425 957 2511 παρεκάλεσεν,
977 2424 1160 2512 ὀμωμοκώς
1170 2432 1269 2512 κοινῇ

318 2525 466 2613 ζητήσειν
481 2528 536 2592 καὶ
552 2524 688 2610 πράξειν
706 2523 771 2611 μετ’
783 2528 867 2612 ἐμοῦ
877 2524 993 2592 πάντα.
1035 2525 1090 2591 καί
1100 2520 1119 2591 ὑ
1130 2521 1270 2608 ἀνδρω-

318 2615 429 2708 πος,ώ
448 2622 566 2708 ἀνδρες
582 2626 747 2708 δικασταί,
765 2621 1038 2708 κατατεινόμενος
1050 2620 1116 2690 ὑπὸ
1136 2629 1196 2709 τῆς
1205 2629 1269 2709 βα-

318 2723 426 2791 σάνον
444 2721 722 2807 προσωμολόγησε
741 2723 797 2789 καί
812 2720 871 2801 τάς
882 2723 1108 2809 ἑβδομήκοντα
1125 2726 1270 2809 μνᾶςεί»

320 2821 459 2907 ληφέναι
476 2815 682 2905 ὑφελόμενος
692 2820 869 2904 Κόνωνος,
887 2823 942 2889 καί
959 2820 1163 2903 ἀποδίδωσιν
1174 2819 1270 2887 ἀπαν

277 2953 309 3007 19
321 2919 358 2988 τὸ
376 2916 537 3004 ἀργύριον
554 2926 653 2985 τοῦτο
668 2917 923 3010 Ὀλυμπιοδώρῳ
940 2920 1057 3009 τούτῳ.
1095 2917 1160 3006 ἐγώ
1179 2916 1224 3002 δ’,
1243 2908 1271 2984 ώ

322 3018 441 3104 ἀνδρες
452 3020 617 3104 δικασταί,
635 3017 747 3106 ἐπειδή
765 3018 941 3104 ἐπυθόμην
958 3020 1032 3103 περί
1049 3025 1107 3105 τῆς
1118 3016 1272 3105 βασάνου

322 3116 525 3203 τάνθρώπου
536 3121 590 3186 καί
602 3116 652 3185 ὅτι
662 3116 883 3196 ἀποδεδωκώς
894 3128 944 3207 εἴη
955 3114 992 3184 τὸ
1004 3115 1177 3202 ἀργύριον,
1195 3114 1274 3182 ένό·

322 3216 416 3301 μιζόν
432 3243 487 3302 μοι
509 3215 696 3284 ἀποδώσειν
712 3225 835 3285 τοῦτον
851 3215 888 3283 τό
905 3215 1009 3303 ήμισυ
1025 3223 1086 3283 τοὺ
1097 3211 1273 3300 ἀργυρίου,

324 3311 433 3398 ώσπερ
450 3318 504 3383 καὶ
515 3313 552 3382 τὺ
566 3314 730 3402 πρότερον
741 3310 807 3380 ἀπὸ
820 3319 889 3380 τών
897 3320 1011 3398 χιλίων
1021 3318 1177 3398 δραχμῶν
1189 3308 1274 3379 ἀπε·

323 3412 466 3480 δεδώκει.
488 3416 544 3481 καί
559 3412 664 3493 εὑθὺς
682 3413 743 3499 μὲν
760 3410 802 3478 οὐ
819 3412 910 3479 πάνυ
926 3437 958 3478 τι
968 3408 1274 3498 ήνώχλουντοὺτῳ,

304 3528 305 3531 ’
322 3508 508 3600 ἡγούμενος
519 3510 624 3581 αὑτὸν
637 3519 736 3580 τοῦτο
753 3511 946 3598 γνώσεσθαι
960 3510 1015 3576 καὶ
1027 3509 1209 3594 διοικήσειν
1219 3508 1275 3575 καὶ

323 3612 394 3697 ἐμοὶ
405 3610 460 3677 καὶ
473 3609 686 3700 ἑαυτῷ,όπως
697 3610 851 3694 ἑκάτερος
860 3605 957 3694 ήμών
967 3609 1031 3687 ἕξει
1041 3607 1080 3674 τὰ
1092 3611 1203 3673 δίκαια
1213 3631 1277 3673 κα-

322 3707 362 3777 τά
373 3706 452 3788 τοὺς
469 3707 592 3795 ὅρκους
608 3713 668 3778 καί,
680 3708 738 3789 τάς
754 3707 931 3795 συνθήκας
944 3704 1002 3785 τάς
1019 3703 1102 3791 πρὸς
1113 3700 1276 3792 ήμάςαά-
