3159 4409
529 486 671 547 ΠΡΟΣ
700 487 1027 550 ΦΑΙΝΙΠΠΟΝ.
1137 491 1247 556 ’1-7
1349 507 1357 520 “

299 654 440 716 πτεσθαι
451 645 515 730 γὰρ
528 647 582 713 καὶ
594 648 789 721 διαδύεσθαι
800 648 855 715 καὶ
865 647 973 716 πάντα
984 665 1089 721 ποιεῖν
1099 635 1132 733 ἕξ
1144 645 1194 720 ῶν
1203 654 1248 740 μὴ

299 747 543 831 λειτουργήσεις
563 743 708 813 ’τουτοισὶ
729 747 933 833 μεμάθηκας.
971 746 1046 818 ἀλλ’
1069 750 1132 836 ἐγω
1155 756 1248 833 δείξω

299 841 394 910 πόλλ’
419 841 612 930 νἰνηλωκῶς,
643 841 661 911 ὃ
682 842 745 929 την
765 843 888 932 μικρὰν
908 844 1027 915 οὐσίαν
1046 849 1248 938 παραλαβών

299 941 388 1026 παρὰ
406 949 466 1010 τοῦ
484 944 615 1029 πατρός.
651 950 783 1029 πρῶτον
801 946 841 1011 δέ
854 970 910 1029 μοι
925 943 986 1012 τὸν
1002 947 1106 1033 νόμον
1121 952 1247 1018 ἐκεῖνον
1256 941 1325 1015 1046

299 1041 473 1126 ἀνάγνωθι
486 1040 545 1110 τδν
555 1040 617 1110 ούκ
629 1044 732 1109 ε’ῶντα
743 1051 811 1109 τῶν
820 1045 858 1110 ἐν
867 1057 934 1122 τοῖς
942 1049 1049 1129 ἔργοις
1057 1043 1248 1115 ούδὲνύπο-

300 1148 431 1227 φαίνειν
449 1142 505 1209 καὶ
521 1138 581 1226 την
598 1140 796 1227 πρόκλησιν,
820 1146 929 1210 ἔπειτα
945 1142 1004 1223 τὰς
1013 1152 1193 1232 μαρτυρίας
1205 1144 1248 1224 ῶς

300 1238 354 1306 δύ’
374 1250 476 1308 οίκων
493 1241 775 1325 λειτουργούντων
796 1237 909 1308 οὑτοσὶ
925 1249 1109 1321 Φαίνιππος
1128 1253 1248 1331 κεκλη-

299 1335 496 1426 ρονόμηκευ.

382 1445 557 1506 ΝΟΜΟΣ.
593 1445 870 1508 ΠΡΟΚΛΗΣΙΣ.
905 1446 1163 1507 MAPTYPIAI.

257 1557 292 1610 24
375 1536 433 1605 Ἓν
455 1539 561 1624 μόνον
581 1538 625 1605 ἄν
644 1565 693 1616 τις
704 1543 771 1622 ἔχοι
791 1541 893 1617 δεῖξαι
912 1542 1043 1605 τουτονὶ
1061 1545 1248 1606 Φαίνιππον

300 1641 598 1722 πεφιλοτιμημένον
610 1642 656 1714 είς
668 1632 769 1722 ὑμᾶς,
793 1629 820 1702 ῶ
834 1634 953 1721 ἄνδρες
963 1641 1125 1705 δικασταί·
1147 1642 1248 1707 ἱππο-

299 1733 562 1820 τρόφοςύγαδός
573 1735 704 1803 ἐστικαὶ
717 1734 903 1820 φιλότιμος,
926 1733 983 1801 ἅτε
994 1738 1066 1813 νέος
1076 1737 1131 1803 καί
1142 1734 1248 1804 πλού-

301 1831 649 1919 σιοςκαὶίσχυρὸςύν.
680 1841 715 1900 τί
721 1833 844 1901 τούτου
856 1837 937 1919 μέγα
949 1848 1100 1919 σημεῖονς
1122 1826 1248 1903 ύποδό-
1282 1864 1289 1876 “

301 1960 400 2020 μενος
416 1935 475 2001 τὸν
493 1934 745 2019 πολεμιστήριον
760 1937 864 2001 ἵππον
872 1935 1094 2018 καταβέβηκεν
1105 1930 1168 2000 ιἰπό
1180 1942 1248 2001 τῶν

299 2037 426 2118 ἵππων,
448 2034 503 2100 καὶ
520 2030 593 2099 ἄντ’
611 2036 741 2099 ἐκείνου
757 2031 861 2118 ὄχημα
878 2029 967 2121 αὑτῶ
988 2041 1178 2119 τηλικοῦτος
1199 2028 1248 2100 ῶν

301 2132 455 2216 ἐώνηται,
466 2135 520 2199 ἵνα
532 2129 574 2216 μη
588 2136 666 2218 πεζῇ
676 2132 870 2217 πορεύηταιτ
890 2130 1051 2216 τοσαύτης
1061 2123 1157 2209 οὗτος
1166 2155 1250 2217 τρυ-

301 2238 366 2315 φης
375 2233 441 2297 ἐστι
451 2230 576 2315 μεστός.
600 2232 654 2298 καὶ
663 2226 749 2297 τοῦτ’
762 2229 975 2316 ύπογέγραφέ
980 2254 1045 2315 μοι,
1052 2236 1120 2296 τῶν
1129 2232 1164 2296 δὲ
1174 2255 1248 2313 κρι-

301 2335 376 2395 δῶν
393 2330 447 2395 καὶ
465 2335 527 2394 τού
538 2337 634 2397 οίνου
644 2331 699 2396 καὶ
709 2336 776 2395 τῶν
787 2328 898 2396 ἄλλων
907 2336 975 2394 τῶν
986 2330 1090 2411 ἕκτης
1099 2329 1247 2411 ἐσχατιαῖς
1304 2343 1306 2346 ’

256 2461 291 2513 25
300 2429 506 2510 γιγνομένων
519 2424 643 2492 οὐδὲτὸ
656 2429 794 2492 δέκατον
804 2429 911 2509 μέρος.
934 2424 1026 2502 ἄξιον
1038 2421 1171 2507 ἀφεῖναι
1182 2433 1247 2492 νῦν

301 2523 406 2592 αύτόν
417 2529 521 2608 ἐστιν,
538 2522 647 2609 ἐπειδὴ
659 2523 816 2610 χρήσιμος
826 2525 881 2590 καί
892 2521 1062 2608 φιλότιμος
1072 2524 1178 2609 καλιῇ
1189 2521 1251 2589 ού-

302 2630 357 2711 σίηι
368 2624 421 2691 καὶ
432 2629 480 2712 τῷ
491 2620 778 2708 σῶματιγίγονεν;
800 2629 928 2690 πολλοῦ
937 2623 1040 2706 γεκαὶ
1052 2625 1109 2688 δεῖ.
1138 2628 1250 2690 καλῶν

300 2719 366 2807 γδρ
387 2718 549 2805 κάγαθῶν
570 2724 637 2788 ἐστι
660 2726 825 2789 δικαστῶν
844 2719 922 2799 τούς
943 2720 1004 2806 μὲν
1021 2728 1089 2788 τῶν
1106 2728 1250 2789 πολιτῶν

301 2824 489 2905 ἐθέλοντας,
503 2819 584 2887 ὅταν
596 2818 773 2904 εὐπορῶσι,
787 2827 1060 2904 λειτουργοῦντας
1070 2822 1126 2888 καὶ
1136 2822 1174 2887 ἐν
1183 2835 1251 2899 τοῖς

301 2927 501 3004 τριακοσίοις
515 2919 614 2998 ὄντας
630 2917 833 3003 ἀναπαύειν,
856 2917 939 2986 ὅταν
955 2917 1077 2986 τούτου
1098 2917 1251 3003 δεόμενοι

301 3019 504 3107 τυγχάνωσι,
516 3015 595 3096 τούς
606 3018 641 3084 δὲ
652 3023 843 3103 νομιῗοντας
854 3015 1051 3100 ἀπολλύειν,
1063 3014 1145 3083 ὅταν
1156 3022 1201 3095 είς
1212 3016 1249 3084 τὸ

302 3117 419 3185 κοινόν
435 3145 467 3184 τι
484 3116 735 3203 δαπανήσωσιν,
757 3115 851 3201 ύγειν
867 3123 913 3196 είς
922 3115 1000 3194 τούς
1011 3119 1251 3202 προεισφέρον-

302 3241 360 3294 τας
377 3218 432 3283 καὶ
448 3214 492 3301 μη
511 3219 694 3301 ἐπιτρέπειν
710 3217 932 3302 δραπετεύειν.
962 3217 1034 3300 λέγε
1047 3215 1249 3303 πρῶτονμὲν

302 3311 365 3399 τὴν
375 3311 1072 3403 μαρτυρίαν,ίπειτατηνᾶπόιγασιναύτοῦ.

515 3421 755 3483 MAPTYPIA.
788 3419 1037 3481 ΑΠΟΦΑΣΙΣ.

258 3543 294 3599 25
316 3603 329 3615 ι
379 3511 563 3581 Ἕαταύτα.
590 3520 695 3581 καίτοι
704 3512 810 3582 πολλοὶ
822 3520 889 3579 τῶν
899 3515 1040 3580 ἔνδοθεν
1050 3513 1249 3600 ἐκφορήσας,

303 3615 328 3679 ῶ
340 3610 460 3694 ἄνδρες
471 3614 622 3681 δικασταίΙ
628 3664 637 3698 ,
653 3620 856 3693 Φαίνιππος,
868 3608 998 3690 ἀνοίξας
1006 3612 1048 3680 τὰ
1058 3629 1249 3696 παρασεση-

300 3714 449 3796 μασμίυα
460 3720 528 3779 τῶν
539 3713 741 3799 οἰκημάτων,
764 3707 1171 3855 ῶςύμῐνμεμαρτύρζγται,
1193 3708 1248 3773 καὶ
1259 3716 1326 3773 104⁷

343 3808 478 3868 Demosth.
501 3808 561 3861 Vol.
572 3809 620 3866 111.
