3159 4409
545 505 698 574 RATA.
718 505 964 568 ΝΕΑΙΡΛΣ.
1167 508 1230 573 309

281 672 314 737 ολ
334 667 495 755 πρόγονοι
518 665 623 753 άστήν
644 669 819 734 κατέλιπον
840 663 921 732 οὔθ’
943 664 961 733 ὁ
985 672 1087 754 δῆμος
1103 678 1229 738 πολῖτιν

228 772 270 836 [08
280 768 470 852 έποιήσατο;
491 772 557 833 ποῦ
573 762 637 850 γάρ
656 761 741 849 αύτη
758 759 821 831 ούκ
838 773 1006 850 εἴργασται
1022 773 1068 856 τῷ
1086 765 1227 853 σύματις

278 863 301 952 ή
312 881 371 935 ποῖ
379 863 442 934 οὐκ
453 865 619 952 ἐλήλυθεν
629 865 681 930 ἐπὶ
691 870 739 952 τῷ
749 861 831 930 καθ’
843 860 969 950 ἡμέραν
979 873 1108 952 μισθῷς
1119 861 1182 932 ούκ
1192 868 1229 933 ἐν

277 965 523 1054 Πελοποννήσῳ
542 966 604 1050 μὲν
623 963 729 1050 πάση,
755 964 793 1030 ἐν
802 965 1229 1053 Θετταλῖᾳδὲκαλλίαγνη-

278 1073 334 1152 σίηι
348 1062 428 1150 μετά
440 1070 550 1149 Σίμου
567 1069 628 1130 τοῦ
637 1068 821 1149 Λαρωνίου
831 1066 886 1131 καλ
894 1063 1157 1152 Εὐρυδάμαντος
1168 1067 1228 1131 τού

278 1168 431 1249 Μηδίου,
453 1165 490 1228 ἐν
500 1168 570 1250 Χιω
589 1160 625 1228 δὲ
636 1162 691 1229 καὶ
701 1157 753 1229 ἐν
748 1168 850 1230 Ιωνια
833 1189 900 1250 τη
888 1171 1047 1252 πλείστη
1057 1189 1137 1250 μετα
1126 1160 1228 1230 Σω-
1245 1220 1249 1227 .

278 1260 381 1329 τάδον
391 1285 452 1328 του
439 1256 591 1378 Κρητὸς
602 1229 855 1344 άκολουθοῦσά,
873 1259 1109 1347 μισθωθεῖσα’
1091 1261 1157 1330 υπὸ
1170 1265 1227 1383 τής

277 1360 476 1478 Νικαρέτης,
499 1354 552 1425 ὅτε
564 1361 611 1426 ἔτι
622 1360 689 1426 ἐκεῖ
676 1368 747 1445 ίνης
757 1352 822 1444 ήνς·
838 1358 900 1446 τήν
911 1358 982 1446 δή*
963 1359 1021 1446 υφ’
1036 1361 1154 1448 ἑτέροις
1166 1353 1228 1429 ού-

279 1480 342 1526 σαν
353 1460 408 1526 καὶ
418 1454 674 1524 ακολονθονσαν
685 1481 730 1546 τςο
718 1456 868 1525 διδοντι
878 1464 912 1525 τί
919 1468 1031 1527 ολεσθε
1042 1473 1162 1527 ποιεῖν·
1154 1451 1224 1541 ,ἆρ’

280 1553 1137 1643 ούχυπηρετεῖντοῖςχρωμένοιςείςἁπάσαςήδονάςς
1158 1557 1226 1626 εἶτα

277 1655 339 1742 τήν
355 1654 512 1741 τοιαύτην
528 1657 583 1722 καὶ
594 1661 784 1740 περιφανῶς
794 1657 1004 1741 ἐγνωσμένην
1014 1653 1080 1724 ύπδ
1091 1655 1226 1724 πάντων

228 1779 266 1833 Ιης
275 1760 336 1838 γής
346 1752 502 1838 περίοδον
514 1757 733 1838 εἰργασμένην
744 1761 923 1838 ψηφιεῖσθε
933 1749 1037 1838 α’στήν
1050 1751 1148 1832 είναι;
1169 1756 1225 1822 καὶ

275 1858 310 1919 τί
322 1847 426 1918 καλὸν
443 1849 564 1936 φήσετε
580 1849 664 1933 πρὸς
679 1847 758 1928 τούς
768 1853 959 1936 ἐρωτῶντας
969 1855 1222 1939 διαπεπρᾶχθαι,

274 1944 393 2035 ήποίηι
410 1944 550 2036 αἰσχύνη
568 1950 622 2016 καλ
643 1946 776 2037 ἀσεβείᾳ
799 1947 863 2016 ούκ
882 1955 989 2034 ἔνοχοι
1011 1947 1105 2017 αύτολ
1125 1948 1223 2027 ελναι;

275 2047 354 2133 πρὶν
371 2047 432 2131 μὲν
447 2044 514 2131 γάρ
530 2053 699 2133 γραφήναι
716 2045 840 2134 ταύτην
856 2050 911 2114 καὶ
926 2053 972 2126 είς
988 2046 1102 2134 άγοῖνα
1123 2075 1225 2116 κατα-

276 2153 390 2231 στήναι
406 2146 461 2211 καλ
477 2147 649 2213 πυθέσθαι
664 2147 789 2224 πάντας
804 2145 875 2232 ήτις
887 2139 930 2233 ήν
941 2149 996 2214 καὶ
1008 2144 1223 2235 ολαήσέβηκε,

274 2241 315 2311 τά
326 2243 387 2330 μὲν
398 2239 712 2331 άδικήματαταύτης
723 2236 782 2330 ήα,
794 2240 815 2328 ή
827 2241 858 2309 δ’
872 2242 1005 2327 ἀμέλεια
1016 2252 1073 2330 τής
1084 2242 1222 2322 πόλεως·

274 2345 329 2412 καὶ
345 2348 379 2411 ολ
393 2343 456 2429 μὲν
471 2339 534 2412 ούκ
549 2341 677 2430 Ιᾔδεσαν
688 2340 800 2427 ὑμεῖν,
821 2344 856 2406 ολ
864 2338 900 2407 δὲ
910 2340 1097 2425 πυθόμενοι
1107 2348 1155 2427 τῷ
1163 2343 1232 2424 μὲν

274 2441 361 2530 λόγῳ
374 2439 597 2528 ἠγανάκτουν,
608 2446 654 2525 τῷ
667 2438 699 2506 δ’
711 2444 797 2524 ἔργῳ
809 2433 871 2515 οὐκ
883 2434 971 2521 εἰχον
980 2434 1039 2503 ὅτι
1048 2435 1223 2522 χρήσαιντο

275 2538 360 2628 αύτή
377 2537 517 2617 ούδενδς
534 2543 580 2617 είς
597 2538 711 2622 άγιένα
732 2534 953 2613 καθιστάντος
975 2531 1054 2602 ούδδ
1075 2532 1223 2612 διδόντος

275 2642 349 2724 περὶ
367 2637 469 2724 αύτής
484 2638 545 2722 τήν
562 2640 688 2723 ψῆφον.
721 2631 830 2720 ἐπειδὴ
847 2636 883 2700 δὲ
892 2635 947 2701 καλ
957 2642 1026 2701 ίστε
1039 2632 1160 2712 πάντες
1168 2633 1223 2700 καὶ

274 2742 360 2822 ἔχετε
376 2733 429 2822 ἐφ’
449 2732 529 2821 ὑμῖν
541 2731 715 2813 αὐτοῖςκαὶ
726 2730 917 2820 κύριοίέστε
927 2731 1083 2818 κολάσαι,
1105 2728 1222 2817 ὑμέτε-

275 2861 337 2922 ρον
346 2834 409 2955 ήδη
423 2832 460 2902 τό
474 2831 621 2920 άσέβημα
630 2839 777 2918 γίγνεται
789 2828 826 2899 τό
838 2829 921 2917 πρὸς
932 2830 1010 2910 τούς
1021 2826 1140 2915 θεούς,
1163 2825 1222 2895 ἐὰν

229 2963 266 3015 10
275 2960 320 3020 μη
340 2933 463 3018 ταύτην
479 2932 648 3018 κολάσητε.
680 2938 713 2998 τί
728 2930 975 3016 δὲκαλφήσειεν
986 2955 1030 2996 αν
1039 2953 1134 3014 υμων
1144 2952 1222 2994 εκα

276 3052 352 3109 στος
363 3029 474 3098 είσιων
485 3056 567 3115 προς
576 3056 637 3116 την
648 3030 767 3097 ἑαυτοῦ
775 3042 895 3114 γνναῖκ
894 3021 1147 3116 ’ήθυγατέραή
1158 3050 1222 3143 μη-

228 3133 383 3216 τέρα,
387 3126 685 3215 άτιοψηφισάμενος
701 3129 837 3215 ταύτης,
859 3124 992 3194 ἐπειδάν
1008 3120 1154 3210 ἔρηται
1135 3149 1222 3207 υμας

270 3228 359 3297 ’που
369 3254 441 3314 ητε
441 3223 535 3295 καλ
546 3224 686 3314 είτιητε
666 3253 717 3294 οτι
723 3223 966 3344 “έδικάζομενς”
985 3219 1067 3312 “ven
1067 3219 1220 3342 ”έρήσε-
1201 3248 1297 3303 -1333

275 3355 328 3395 ται
345 3325 458 3405 εύθύς
488 3322 652 3414 “Νεαίρηι”
665 3324 799 3411 δηλον
778 3351 829 3393 οτι
839 3326 960 3410 φησετε
975 3317 1033 3398 (ου
1042 3317 1149 3406 γαρ)
1154 3317 1219 3389 ’ὅτι

276 3430 349 3512 ξένη
369 3417 453 3493 ούσα
465 3423 554 3514 άστςθ
565 3437 714 3493 συνοικεῖ
721 3448 811 3508 παρα
821 3423 881 3489 τὸν
892 3420 1012 3507 νόμον,
1033 3416 1118 3486 καλ
1097 3444 1148 3487 οτι
1157 3446 1218 3504 την

274 3527 442 3611 θυγατέρα
461 3528 719 3610 μεμοιχευμένην
735 3524 870 3602 ἐξέδωκε
887 3520 1040 3603 Θεογένει
1055 3526 1101 3608 τῷ
1122 3525 1219 3605 βασι-

274 3623 445 3707 λεύσαντι,
465 3621 620 3709 καλαύτη
638 3627 739 3690 ἔθυσε
749 3616 789 3687 τά
800 3616 872 3703 ἱερά
882 3616 921 3685 τά
934 3616 1059 3706 ἄρρητα
1068 3614 1151 3705 ὑπὲρ
1161 3623 1219 3702 τής

274 3723 400 3800 πόλεως
410 3724 464 3789 καλ
473 3729 521 3811 τῷ
530 3720 687 3809 Διονύσῳ
698 3716 783 3804 γυνή
796 3717 897 3803 ἐδόθη
906 3714 931 3802 ,”
951 3719 1005 3786 καὶ
1015 3715 1132 3800 τάλλα,
1145 3718 1218 3799 διη-
