3159 4409
524 497 669 583 ΚΑτΑ
689 495 1041 559 mmmm.
1214 501 1256 566 83

304 663 503 748 σχροκερδίᾳ
527 665 582 729 καί
612 659 785 744 πλεονεξίᾳ
805 658 860 724 καί
870 655 967 742 ὕβρει
987 661 1100 751 καὶτῷ
1116 660 1175 742 τὰς
1191 660 1256 730 αὖ·

303 765 371 825 των
389 757 564 836 συστάσεις
584 759 787 842 κυριωτέρας
807 763 876 824 τῶν
897 757 1013 843 νόμων
1034 757 1150 839 ἀξιοῦν
1172 760 1256 830 είυαι

279 914 284 922 .
302 863 406 923 ταῦτα
419 854 625 942 φανήσονται
636 854 843 940 πράττοντες.
877 852 958 941 ὑμῖν
969 859 1005 924 δέ
1016 856 1117 925 οὐδὲν
1126 860 1256 928 τούτων

303 956 481 1039 συμφέρει,
496 950 579 1022 ἀλλά
590 950 650 1020 τὸν
661 950 789 1039 ἀσθενῆ
801 950 890 1042 παρὰ
901 962 963 1022 τοῦ
974 964 1138 1024 πλουσίου
1149 964 1255 1043 δίκην,

302 1047 347 1120 ἀν
362 1051 530 1145 ἀδικῆται,
552 1052 721 1120 δύνασθαι
736 1059 860 1140 λαβεῖν.
874 1076 882 1085 ’·
894 1057 985 1122 ἔσται
1001 1055 1038 1127 δὲ
1058 1063 1175 1141 τοῦτο,
1196 1055 1256 1126 ἐὰν

303 1150 459 1236 κολάζητε
470 1148 549 1229 τους
560 1157 714 1235 φανερῶς
725 1148 832 1229 οὕτως
843 1153 875 1231 ἐξ
887 1150 1044 1238 εὐπορίας
1054 1155 1233 1241 πονηρούς.

259 1275 296 1330 68
389 1249 440 1319 Οὐ
462 1257 579 1319 τοίνυν
601 1247 713 1318 οὐδ’ίί
732 1251 916 1318 πέπλασται
935 1253 991 1319 καί
1011 1256 1136 1340 βαδίζει
1158 1242 1255 1330 οὗτος

303 1349 393 1435 παρά
404 1347 482 1428 τούς
492 1357 623 1434 τοίχους
633 1351 915 1435 ἐσκυθρωπακώς,
925 1350 1256 1437 σωφροσύνηςάυτις

302 1445 460 1534 ἡγήσαιτο
479 1448 613 1527 είυότως
630 1445 714 1514 είναι
730 1461 866 1533 σημεῖα,
888 1446 973 1517 ἀλλά
991 1457 1253 1536 μισανθρωπίας.

302 1543 367 1631 ἐγώ
380 1544 457 1631 γάρ,
464 1545 552 1623 ὅστις
564 1543 654 1634 αὐτῷ
663 1543 805 1630 μηδενὸς
814 1547 1061 1633 συμβεβηκότος
1067 1552 1180 1616 δεινοῦ
1191 1574 1255 1634 μη-

303 1645 340 1712 δὲ
351 1651 420 1711 τοῖν
430 1641 620 1728 ἀναγκαίων
631 1649 798 1724 σπανίζων
814 1647 852 1713 ἐν
867 1645 970 1734 ταύτῃ
980 1653 1020 1734 τῇ
1031 1650 1137 1732 σχέσει
1148 1647 1255 1732 διάγει

302 1741 364 1810 τὸν
374 1750 461 1830 βίον,
469 1751 591 1812 τοῦτον
599 1741 742 1830 ἡγοῦμαι
751 1746 988 1830 συνεορακέναι
997 1746 1053 1813 καί
1060 1750 1254 1830 λελογίσθαι

302 1839 379 1928 παρ’
392 1840 482 1932 αὐτῷ
493 1841 544 1910 ὅτι
553 1856 622 1922 τοῖς
630 1845 692 1929 μὲν
702 1839 825 1926 ἀπλάς,
838 1839 882 1922 ἀς
891 1843 1071 1930 πεφύκασι,
1082 1849 1254 1930 βαδίζουσι

302 1943 357 2035 καί
381 1943 533 2026 φαιδροῖς
554 1942 609 2008 καί
630 1943 812 2027 προσέλθοι
832 1967 881 2021 τις
902 1937 946 2010 ἀν
962 1947 1018 2010 καί
1038 1947 1172 2029 δεηθείη
1197 1944 1253 2012 καί

303 2043 526 2125 ἐπαγγείλειεν
536 2035 636 2106 οὐδὲν
653 2036 781 2126 ὄκνων,
799 2053 867 2119 τοϊς
885 2042 922 2109 δὲ
937 2046 1181 2128 πεπλασμένοις
1197 2043 1253 2110 καί

260 2153 296 2209 69
304 2147 516 2219 σκυθρωποῖς
526 2134 679 2224 ὀκνήσειέ
686 2164 733 2217 τις
743 2134 787 2206 ἀν
804 2148 1006 2222 προσελθεῖν
1020 2149 1163 2224 πρῶτον.
1191 2138 1253 2207 οὐ·

305 2238 361 2306 δὲν
374 2230 438 2304 οὖν
449 2234 529 2303 ἀλλο
544 2231 566 2322 ή
583 2236 759 2323 πρόβλημα
773 2245 835 2304 τοῦ
847 2239 975 2320 τρόπον
992 2238 1029 2304 τὸ
1048 2246 1155 2324 σχῆμα
1165 2235 1251 2308 τοῦτ’

304 2341 388 2421 ἔστι,
409 2335 465 2402 καί
481 2331 518 2400 τὸ
536 2341 594 2419 τῆς
611 2338 757 2412 διανοίας
773 2333 897 2420 ἀγριον
907 2337 962 2402 καὶ
972 2333 1094 2417 πικρὸν
1104 2341 1253 2403 ἐνταῦθα

304 2438 406 2521 δηλοί.
442 2446 579 2518 σημεῖον
597 2436 651 2499 δέ·
679 2431 851 2499 τοσούτων
867 2431 932 2517 χάρ
949 2430 1057 2498 ὅντων
1074 2431 1111 2498 τὸ
1123 2441 1253 2519 πλῆθος

300 2531 500 2621 Ἀθηναίων,
513 2531 667 2617 πράττων
678 2528 765 2598 πολὺ
776 2536 907 2616 βέλτιον
924 2526 947 2616 ή
962 2528 1000 2596 σὲ
1017 2523 1252 2617 προσῆκονήν,

302 2640 349 2723 τῷ
361 2633 494 2701 πώποτε
506 2631 706 2718 είσήνεχκας,
717 2625 817 2715 ήτίνι
827 2633 1057 2716 συμβέβλησαί
1063 2625 1167 2717 πω,ή
1180 2635 1254 2698 τίνα

258 2725 342 2808 70εά
362 2727 559 2816 πεποίηκαςς
592 2726 701 2800 οὐδέν’
713 2723 758 2796 ἀν
775 2734 878 2796 εἰπεῖν
893 2734 992 2815 έχοις·
1015 2727 1100 2798 ἀλλά
1117 2735 1255 2809 τοκίζων

302 2832 359 2899 καί
368 2826 427 2908 τάς
444 2836 514 2896 των
530 2826 641 2896 ἀλλων
658 2827 834 2914 συμφοράς
851 2831 907 2896 καὶ
922 2834 1031 2915 χρείας
1047 2827 1255 2916 εὐτυχήματα

303 2937 433 2997 σαυτοῦ.
442 2933 583 3013 νομιξων
594 2929 740 3014 ἐξέβαλες
750 2927 813 3012 μὲν
822 2924 1020 2996 τὸνσαυτοῦ
1029 2932 1256 2996 θεῖονΝικίαν

304 3032 339 3097 ἐκ
349 3036 409 3113 τῆς
419 3027 573 3117 πατρῴας
585 3033 707 3110 οίκίας,
726 3025 899 3114 ἀφῄρησαι
915 3027 952 3095 δέ
962 3026 1025 3115 τήν
1037 3034 1165 3113 σαυτοῦ
1174 3043 1329 3098 xcv-1123

302 3126 412 3213 θεράν
429 3134 534 3195 ταῦτα
551 3125 606 3211 ἀφ’
619 3116 668 3194 ἀν
679 3130 749 3212 ἔζη,
773 3123 929 3212 ἀοίκητον
940 3125 976 3193 δὲ
986 3126 1047 3192 τδν
1055 3124 1254 3211 Ἀρχεδήμου

303 3232 405 3295 παῖδα
416 3224 457 3292 τὰ
465 3233 591 3292 σαυτοῦ
601 3227 701 3311 μέρος
718 3231 908 3311 πεποίηκας.
942 3221 1052 3301 οὐδεὶς
1069 3221 1106 3289 δὲ
1122 3223 1254 3293 πάποτε

303 3325 393 3394 οὕτω
405 3330 531 3409 πικρῶς
540 3321 613 3391 οὐδ’
627 3321 839 3411 ὑπερήμερον
849 3326 1040 3404 είσέπραξεν
1056 3321 1102 3404 οἱς
1118 3326 1162 3392 σε)
1176 3321 1255 3402 τοάς

304 3424 500 3512 ὀφείλοντας
521 3422 600 3503 τούς
618 3424 749 3504 τόκους.
781 3422 850 3492 εἶτα
871 3420 911 3490 ὃν
933 3418 1030 3505 ὁρᾶτε
1049 3425 1102 3490 έπί
1117 3423 1253 3492 πάντων

305 3524 413 3603 οὕτως
424 3522 542 3608 ἀγριον
551 3525 606 3591 καὶ
616 3522 739 3610 μιαρὸν
745 3575 755 3608 ,
776 3529 898 3590 τοῦτον
908 3519 1000 3606 ὑμεῖς
1015 3519 1195 3610 ήδιιιηκότα
1205 3515 1251 3588 ἐπ’

306 3621 494 3712 αάτοφάρφ
506 3623 662 3710 λαβόντες
681 3620 723 3690 οὐ
739 3620 989 3712 τιμωρήσεσθες
1011 3620 1103 3691 δεινά
1120 3622 1203 3707 ἀρα,
1226 3609 1254 3686 ἀ

306 3721 427 3807 ἀνδρες
439 3725 598 3807 δικασταί,
610 3723 763 3808 ποιήσετε
773 3721 828 3789 καί
840 3717 913 3807 οὐχί
924 3724 1041 3791 δίκαια.
1086 3806 1104 3844 *

1062 3818 1080 3872 6
