3159 4409
306 507 369 574 εει
509 513 574 570 ux.
597 498 1043 586 [ΔΗΜοΣοιιΝοντ]

306 669 489 756 ταβολας
458 694 473 736 ε
488 695 558 749 ςτο
539 668 799 754 βουλευτήριον
807 664 890 734 κατά
902 671 1115 751 πρυτανείαν,
1123 662 1233 733 καὶ”
1190 691 1250 732 ου-

306 792 365 856 σης
375 794 463 858 αυτω
451 765 646 844 ατελείας
630 792 665 834 εκ
674 792 742 833 των
752 791 882 851 νομων
894 790 956 831 ουκ
967 761 1113 843 έξελθων
1123 766 1251 850 έκεινην

305 895 366 954 την
376 872 565 950 στρατειαν,
583 861 747 950 γραφεὶς
729 889 795 931 υπο
784 862 986 948 Στεφανου
994 887 1118 930 τουτου
1128 857 1251 945 ἀστρα-
1289 906 1291 918 ·

306 972 393 1045 τείας
409 967 464 1032 καί
480 952 719 1053 διαβληθεὶς
687 988 732 1030 τω
720 957 836 1083 λόγῳ
850 966 888 1030 έν
902 988 948 1052 τῳ
936 966 1175 1050 δικαστηρίῳ
1183 957 1251 1047 ἥλω

265 1086 299 1138 28
307 1066 361 1133 καὶ
377 1060 537 1179 ἠτιμώθη
567 1067 674 1128 καίτοι
690 1084 760 1140 πως
776 1058 839 1128 οῦκ
851 1029 964 1129 οίεσθε
975 1056 1201 1145 δεινόνεῖναι,
1225 1063 1254 1126 εί

307 1162 385 1241 τοῦς
402 1157 580 1247 μὲνφύσει
598 1166 732 1238 πολίτας
752 1161 807 1228 καὶ
823 1166 966 1246 γνησίως
987 1163 1181 1246 μετέχοντας
1197 1166 1253 1246 τῆς

309 1261 435 1338 πόλεως
451 1256 651 1344 ἀπεστέρηκε
666 1264 724 1344 τῆς
740 1265 924 1346 παρρησίας
939 1262 1113 1346 Στέφανος
1129 1255 1252 1344 οὑτοσί,

308 1357 387 1439 τοῦς
398 1357 433 1426 δέ
448 1357 551 1444 μηδὲν
563 1357 792 1449 προσήκοντας
807 1358 949 1445 βιάζεται
962 1356 1161 1446 Ἀθηναίους
1172 1357 1313 1436 simam

310 1455 398 1541 παρά
415 1457 540 1535 πάντας
555 1454 633 1536 τοῦς
654 1456 795 1542 νάμους;
821 1451 883 1524 ’τόν
903 1453 935 1524 δ’
950 1454 1132 1542 Ἵππαρχον
1151 1453 1254 1525 αὐτὸν

309 1553 388 1643 ὑμῖν
405 1563 510 1640 καλοῦ,
531 1557 586 1624 καὶ
608 1553 786 1640 ἀναγκάσω
807 1568 987 1642 μαρτυρεῖν
1006 1550 1029 1642 ἢ
1048 1555 1254 1642 >ἐξόμνυσθαι

309 1652 391 1722 κατά
412 1652 471 1721 τὸν
495 1654 617 1740 νόμον,
639 1649 662 1740 ἢ
683 1654 853 1740 κλητεύσω
875 1654 987 1723 αὐτόν.
1019 1660 1079 1722 καί
1090 1681 1147 1741 μοι
1164 1653 1255 1732 κάλει

300 1751 488 1835 Ἵππαρχον.

662 1857 904 1918 ΜΑΡΊῪΡΙΑ.

372 1920 589 2066 [Ἵππαρχος’
583 1960 742 2046 Αθμονεῦς
758 1976 902 2047 μαρτυρεῖ
919 1969 1110 2071 Ξενοκλείδην
1133 1972 1185 2033 καὶ
1204 1966 1256 2033 αῦ-

351 2043 403 2111 τὸν
423 2048 634 2154 μισθώσασθαι
652 2050 786 2153 Νέαιραν
802 2051 833 2112 ἒν
844 2047 1036 2140 Κορίνθῳ
1003 2080 1059 2134 την
1075 2060 1131 2117 νῦν
1149 2047 1255 2137 ἀγωνι·

353 2129 515 2212 ζομένην,“
497 2160 536 2208 ως
547 2122 710 2215 ἑταίραν
674 2140 834 2196 ονσαντῶν
850 2119 1094 2240 μισθαρνουσῶν,
1114 2140 1165 2200 καὶ
1186 2157 1256 2218 σνμ-

352 2220 448 2280 πίνειν
465 2218 496 2280 ἒν
514 2220 656 2304 Κορίνθῳ
667 2217 801 2301 Νέαιραν
817 2211 883 2297 μεθ’
896 2215 987 2284 αὑτοῦ
1003 2223 1054 2284 καὶ
1070 2222 1258 2289 Ξενοκλείδου

353 2308 405 2364 τοῦ
416 2309 546 2382 ποιητοῦ
553 2304 565 2380 ]

268 2448 302 2502 29
396 2424 492 2495 Μετά
502 2434 605 2494 ταῦτα
615 2435 732 2495 τοίνυν
744 2424 846 2513 αὐτῆς
856 2433 1026 2513 γίγνονται
1040 2431 1174 2513 ἐρασταὶ
1186 2428 1257 2511 δῦο,

315 2530 533 2613 Τιμανορίδας
549 2552 584 2594 τε
600 2522 812 2612 ὁΚορίνθιος
828 2529 883 2594 καί
899 2522 1074 2612 Εὐκράτης
1091 2524 1109 2593 6
1127 2526 1259 2595 Λευκά-

312 2630 396 2708 διος,
420 2631 455 2692 οἳ
463 2625 636 2710 ἐπειδήπερ
646 2623 829 2710 πολυτελὴς
838 2617 882 2710 ἦν
895 2621 915 2711 ἡ
932 2627 1098 2710 Νικαρέτη
1110 2639 1179 2704 τοῖς
1188 2629 1258 2694 έπι-

275 2799 280 2811 ,
311 2724 483 2809 τάγμασιν,
495 2721 633 2802 ἀξιοῦσα
642 2720 682 2790 τά
694 2720 768 2791 καθ’
778 2721 906 2809 ἡμέραν
917 2723 1258 2814 ἀναλάματαάπαντα

311 2833 351 2910 τῇ
361 2829 448 2911 οίκίμ
465 2820 540 2906 παρ’
558 2822 669 2890 αὐτῶν
685 2823 881 2910 λαμβάνειν,
904 2827 1138 2891 κατατιθέασιν
1158 2821 1259 2911 αὐτῆς

310 2921 407 3008 τιμὴν
417 2922 595 3006 τριάκοντα
610 2930 695 3006 μνάς
705 2930 766 2990 τοῦ
783 2923 933 3008 σώματος
948 2931 989 3011 τῇ
998 2926 1184 3008 Νικαρέτη,
1202 2923 1257 2988 καὶ
1310 2980 1316 3015 Ι.

312 3019 476 3088 ὠνοῦνται
497 3017 605 3106 αὐτην
624 3017 697 3103 παρ’
723 3019 825 3107 αὐτῆς
846 3022 937 3110 νόμῳ
960 3022 1087 3101 πόλεως
1103 3019 1259 3098 καθάπαξ

269 3140 303 3193 30
313 3115 423 3185 αὑτῶν
434 3119 561 3205 δούλην
570 3117 662 3186 εἶναι.
676 3122 730 3187 καὶ
740 3118 828 3204 εἶχον
838 3122 893 3188 καί
903 3124 1047 3206 ἐχρῶντο
1061 3119 1144 3188 ὅσον
1160 3118 1260 3207 ἐβού-

313 3224 409 3283 λοντο
421 3216 505 3304 αὐτῇ
516 3218 649 3303 χρόνον.
670 3222 844 3304 μέλλοντες
855 3219 891 3287 δὲ
900 3233 1033 3305 γαμεῖν,
1052 3217 1261 3305 προαγορεῦ-

314 3335 410 3381 ονσιν
421 3315 505 3407 αὐτῇ
517 3316 567 3386 ὅτι
579 3316 621 3386 οῦ
632 3319 811 3405 βούλονται
822 3317 928 3405 αῦτην
938 3325 1036 3404 σφῶν
1046 3313 1159 3384 αάτων
1173 3317 1258 3384 έταί·

314 3438 377 3494 ραν
387 3420 610 3504 γεγενημένην
627 3414 713 3503 ὁράν
729 3421 767 3485 έν
775 3423 936 3507 Κορίνθῳ
953 3418 1173 3502 ἐργαζομένην
1184 3412 1259 3482 οὐδ’

230 3521 232 3524 ’
313 3508 379 3578 ῦπὸ
403 3523 622 3604 πορνοβοσκῷ
643 3508 767 3602 οὖσαν,
796 3513 863 3584 ἀλλ’
885 3512 990 3601 ἡδέως
1011 3510 1055 3582 ἀν
1076 3511 1188 3592 αὐτοῖς
1210 3522 1260 3598 εἴη

314 3609 450 3678 έλαττόν
460 3637 495 3677 τε
511 3611 692 3700 τάργύριον
708 3621 911 3701 κομίσασθαι
925 3609 1000 3696 παρ’
1012 3613 1114 3699 αὐτῆς
1130 3607 1262 3696 ἧκατέ-
1278 3623 1280 3628 ’

313 3718 435 3796 θεσαν,
459 3712 513 3776 καὶ
530 3709 636 3797 αὐτὴν
652 3712 777 3798 ταύτην
795 3710 880 3799 ὁρᾶν
901 3737 932 3778 τι
953 3708 1086 3796 ἀγαθὸν
1107 3713 1258 3794 ἔχουσαν.
