3159 4409
345 461 387 528 36
549 462 639 521 ΧΗΙΙ.
675 410 1103 521 ΔΗΜΟΣΘΕΝΟῬΣι

347 620 492 706 ἀνάγκης
509 625 561 688 δεῖ
573 633 687 688 ποιεῖν.
719 624 849 704 μάλλον
867 619 902 686 δὲ
919 621 992 704 λέγε
1011 616 1116 688 αὐτόν
1127 618 1187 689 τόν
1198 622 1303 708 νόμον

347 716 561 802 τόνπρῦτον

737 805 915 867 ΝΟΜΟΣ.

305 932 340 986 54
438 907 554 984 [Τῶν
566 897 751 1006 πικληρων
742 921 810 965 οσαι
821 900 950 982 θητικον
959 910 1101 982 τελοῦσιν,
1115 898 1216 967 ἐαν
1169 931 1220 1006 μη
1231 903 1303 989 βου

389 996 472 1069 ληται
491 982 594 1070 ἔχειν’
583 1013 598 1050 ο
617 985 812 1068 ἐγγάτατα’
777 1010 896 1069 γενονς,
920 983 1060 1050 ἐκδιδότω
1079 983 1231 1091 ἐπιδοῦςὸ
1249 991 1304 1071 μὲν

331 1148 333 1153 Α
388 1072 698 1174 πεντακοσιομέδιμνος
720 1073 913 1144 πεντακοσίας
934 1065 1116 1174 δραχμάς,’
1103 1097 1118 1135 ο
1142 1065 1172 1135 δ’
1197 1069 1302 1148 ίππενς
1314 1080 1378 1138 1068

388 1149 608 1260 τριακοσίας,δ
627 1154 659 1217 δ
674 1157 803 1258 ζευγίτης
821 1150 925 1217 ἑκατόν
944 1152 1142 1258 πεντήκοντα,
1163 1155 1236 1240 πρὸς
1259 1155 1302 1233 οἷς

388 1235 444 1304 αότ
441 1246 486 1321 ἧς
509 1234 561 1302 ἐάν
572 1240 604 1302 δὲ
613 1228 764 1313 πλείους
739 1257 814 1301 ωσιν
824 1239 907 1300 ἐν
866 1263 906 1324 τῳ
918 1234 998 1325 αότφ
987 1241 1095 1322 γένει,
1107 1267 1143 1327 τη
1130 1238 1336 1329 ἐπικλήρῳ

387 1319 460 1428 πρὸς
471 1325 574 1470 μέρος
567 1319 731 1386 ἐπιδιδόναι
740 1322 872 1402 ἕκαστον,
887 1303 939 1385 355
951 1323 980 1387 δ’
994 1327 1028 1386 55
1035 1333 1174 1407 γυναῖκες
1184 1330 1302 1401 πλείους

388 1399 456 1486 άσι,
479 1405 518 1513 μή
532 1402 692 1510 ἐπάναγκες
703 1403 778 1468 εἶναι
789 1402 909 1468 πλέον“
890 1433 908 1487 η
919 1411 1000 1508 μίαν
1002 1410 1139 1472 ἐκδοῦναι
1156 1435 1196 1472 τω
1185 1410 1300 1516 γένει,

387 1487 500 1556 5555'
472 1519 523 1556 τον
535 1489 675 1600 ἐγγύτατα
686 1495 733 1554 δεῖ
740 1487 969 1595 ἐκδιδόναιή’
934 1487 1024 1555 αυτὸν
1036 1495 1119 1574 ἔχειν.
1153 1473 1205 1556 ἐάν
1218 1492 1296 1557 δὲ’
1259 1520 1302 1600 μή

387 1572 461 1683 ἔγηὸ
472 1576 661 1681 ἐγγυτάτω’
626 1569 757 1658 γενσνςή
765 1601 806 1657 μη
795 1570 961 1676 '35555''
937 1602 1039 1677 αρχων
1049 1576 1302 1682 ἐπαγαγκαζέτωῆ

388 1656 477 1726 αῦτόν
495 1658 599 1742 ἔχειν’
585 1687 605 1740 η
600 1658 769 1722 ’ἐκδοῦναι
800 1653 854 1721 ἐάν
865 1639 897 1722 δὲ
907 1686 951 1762 μή
937 1654 1210 1762 '35555755631M'
1162 1688 1178 1726 ο
1190 1678 1298 1744 αρ’χων,
1363 1700 1370 1709 x

352 1786 354 1791 ·
387 1739 587 1849 ὀφειλέτω
541 1747 633 1824 χιλίας
651 1738 782 1846 δραχμάς
800 1738 880 1842 ἱεράς
898 1768 933 1829 τη
921 1743 1024 1847 Ἡρα.
1059 1738 1256 1850 άπογραφὲτω
1268 1748 1300 1810 δὲ

387 1854 438 1892 τον
449 1856 489 1910 μη
500 1835 642 1892 ποιοῦντα
651 1834 742 1889 ταῦτα
754 1851 769 1888 ο
759 1806 959 1907 ’βονλόμεόος
969 1824 1043 1909 πρός
1054 1824 1136 1892 τδν”
1117 1833 1264 1913 αρχοντα.]

304 1944 338 1997 55
422 1923 461 1989 'A
477 1924 538 2008 μὲν
554 1919 673 2007 λέγει’
657 1949 674 1988 ο
692 1921 811 2007 νόμος,
834 1914 991 2008 ωανδρες
1003 1928 1169 2010 δικασταὶ
1193 1924 1299 1992 5505-

347 2048 406 2092 ετε.
434 2021 488 2090 ὅτε
500 2023 535 2088 δὲ
546 2029 603 2107 τῆς
613 2020 793 2107 ἐπικλήρου
805 2024 871 2101 ἔδει
882 2023 1126 2102 ἐπιδικάζεσθαι
1141 2025 1299 2109 Φυλομά-

335 2148 403 2219 ιγης
413 2129 470 2208 τῆς
481 2121 613 2187 τουτουὶ
624 2116 746 2206 μητρὸς
756 2127 819 2185 τοῦ
830 2117 1102 2205 παιδδς,Ἀγνίον
1114 2119 1146 2189 δ’
1159 2119 1301 2202 ἀνεψιοῦ

347 2219 464 2301 παιδός
481 2219 583 2306 οῦσης
593 2218 676 2304 πρὸς
686 2216 811 2304 πατρὸς
817 2269 828 2303 ,
849 2218 913 2304 ἐγω
924 2210 1078 2306 μὲνῆκον
1090 2221 1299 2307 φοβούμενος

345 2321 406 2389 τὸν
417 2321 522 2406 νόμον
533 2322 586 2386 καὶ
597 2319 835 2404 ἐπεδικαζόμην
846 2322 934 2402 γένει
947 2314 995 2385 55
1006 2320 1190 2405 ἐγγυτάτω,
1213 2319 1298 2386 Θεό-

345 2445 475 2507 πομπος
486 2415 516 2485 δ’
530 2415 781 2504 ὁΜακαρτάτον
793 2414 901 2504 πατήρ
913 2413 991 2484 οῦδὲ
1002 2426 1172 2503 προσῆλθε
1184 2419 1221 2486 τὸ
1233 2443 1298 2485 πα-

345 2521 456 2603 ράπαν
477 2515 552 2586 οὐδ’
576 2516 824 2604 ἠμφισβήτησε,
849 2516 903 2584 διά
924 2515 963 2583 τὸ
980 2512 1058 2602 μηδ’
1077 2513 1191 2584 ὁτιοῦν
1207 2515 1296 2607 αὐτῷ

304 2636 338 2690 56
346 2619 541 2706 προσήκειν,
560 2622 613 2685 καὶ
624 2614 717 2684 ταῦτ’
731 2621 767 2684 ἐν
777 2625 818 2703 τῇ
827 2613 938 2704 ήλικίᾳ
951 2613 999 2681 5'5
1010 2623 1050 2703 τῇ
1064 2613 1156 2702 αὐτῇ.
1191 2621 1298 2682 καίτοι

345 2725 415 2796 ποῦς
425 2726 553 2799 οἴεσθε
570 2709 734 2797 ’άάνδρες
745 2716 912 2798 δικασταὶ
936 2713 1061 2782 άτοπον
1073 2714 1155 2782 εἶναι
1166 2722 1224 2802 τῆς
1235 2715 1296 2801 μὲν

294 2893 299 2912 x
345 2811 585 2902 ἐπικληρον,“
563 2842 582 2899 η
604 2807 647 2900 ἦν
660 2811 773 2900 Ἁγνίᾳ
795 2810 936 2894 άνεψιοῦ
959 2829 1034 2893 ταῖς
1054 2812 1138 2900 πρὸς
1160 2813 1294 2901 πατρὸς,

344 2916 462 3003 ταύτης
472 2916 533 3003 μὲν
544 2909 749 3000 μηδεπώποτ’
761 2910 1224 3013 άμφισβητήσαιΘεόπομπον,
1236 2911 1295 2980 τὸν

348 3015 383 3084 δέ
393 3023 517 3101 κλῆρον
528 3011 716 3098 τὸνἉγνίου
730 2986 847 3093 άξιοῦά
859 3019 943 3098 ἔχειν
954 3014 1043 3099 παρά
1061 3013 1139 3093 τοῦς
1155 3012 1294 3097 νόμονς;

347 3114 476 3180 τούτων
487 3108 663 3234 γέγοιντ”“
642 3139 684 3179 αν
695 3111 871 3197 ἄνθρωποι
881 3106 1200 3198 άναισχυντότεροιη
1217 3136 1294 3196 μια-

348 3212 499 3296 ράτεροι;
510 3210 738 3298 άναγίγνωσκε
749 3211 893 3290 καὶτοὺς
905 3213 1035 3295 ἑτέρους
1045 3210 1179 3294 νόμους.

736 3333 900 3395 ΝΟΜΟΙ.

303 3443 337 3500 57
473 3434 681 3530 [Προειπειν
653 3455 693 3491 τω
680 3434 849 3493 κτείναντι
860 3424 921 3490 ἐν
903 3446 998 3510 αγορα
984 3417 1112 3498 ἐντος
1095 3441 1295 3503 ανεψωτητος,

389 3508 564 3575 συνδιώκειν
577 3513 608 3575 δὲ
619 3514 668 3576 555
674 3493 815 3616 άνεφαῦν
825 3515 933 3585 παιδας
943 3535 993 3572 και
985 3505 1154 3608 γαμβροῦς
1165 3508 1216 3569 καὶ
1225 3530 1294 3569 πεν-
1307 3519 1373 3578 1069

293 3639 295 3643 -
387 3591 503 3701 θεροῦς
511 3598 562 3659 καὶ
572 3594 725 3702 φράτερας
746 3593 798 3662 ἐάν
811 3597 843 3659 δε
854 3598 1028 3657 αἰδέσασθαι
1040 3595 1100 3701 δέή,
1112 3587 1207 3654 555'
1175 3617 1228 3672 μιν
1238 3612 1296 3652 πα·

387 3675 441 3765 τήρ
453 3707 472 3766 η
483 3708 501 3762 η
489 3676 663 3762 ''5535559'
649 3711 667 3765 η
664 3679 765 3762 υἱεῖς,
776 3673 904 3760 πάντας,
916 3673 937 3761 ή
946 3672 997 3742 τὸν
1009 3678 1159 3741 κωλύοντα
1171 3698 1297 3758 κρατειν.
