3159 4409
327 484 406 548 τοο
528 486 595 543 ux.
628 480 1072 559 [ΔΗΜοΣοΕΝονΣ]

328 642 417 729 παρά
429 647 699 728 Λακεδαιμονίων
711 645 765 708 καί
775 643 812 708 ἐκ
826 648 886 707 τοῦ
893 626 1014 725 ’γένους
1023 648 1085 708 τοῦ
1089 648 1273 726 ’βασιλείου

327 745 382 811 καί
400 747 436 810 ἐν
447 743 508 827 μὲν
517 749 565 830 τῷ
576 740 715 826 παρόντι
726 736 788 806 οῦκ
800 739 888 824 εἶχον
898 737 1010 819 αὐτοῖς
1019 738 1040 807 ό
1050 765 1081 807 τι
1090 740 1275 825 χρήσωνται

327 846 361 909 οἰ
375 838 647 924 Λακεδαιμόνιοι,
668 837 862 923 ὕστερονδὲ
880 836 923 915 ώς
940 837 1146 929 πεντήκοντα
1169 845 1273 906 ἔτεσιν

324 941 515 1025 Ἀρχίδαμος
532 934 550 1004 ὁ
564 935 770 1021 Ζευξιδάμου
781 939 1052 1022 Λακεδαιμονίων
1061 934 1218 1021 βασιλεὺς
1228 943 1274 1004 εἰ·

328 1038 430 1124 ρήνης
441 1036 542 1122 οῦσης
553 1039 755 1121 ἐνεχείρησεν
766 1032 877 1101 αῦτών
886 1040 1083 1119 καταλαβεῖν
1093 1031 1156 1120 τήν
1166 1035 1272 1103 πόλιν.

256 1133 259 1143 ’
283 1141 445 1220 99έπραξε
462 1137 497 1201 δὲ
515 1130 607 1200 ταῦτ’
628 1136 664 1199 ἐκ
678 1139 800 1220 Θηβών
817 1130 860 1198 δι’
872 1131 1075 1218 Εὐρυμάχου
1091 1140 1154 1199 τοῦ
1168 1141 1273 1201 Λεον-

328 1236 444 1302 τιάδου
471 1237 766 1318 βοιωταρχοῦντος,
789 1228 994 1309 ἀνοιξάντων
1012 1230 1070 1310 τάς
1083 1230 1199 1311 ,πάλας
1219 1240 1273 1318 τῆς

328 1328 449 1409 νυκτὸς
459 1334 671 1398 Ναυκλείδου
681 1330 736 1396 καί
746 1328 858 1396 ἀλλων
867 1335 970 1395 τινών
978 1326 1050 1413 μετ’
1063 1327 1181 1414 αῦτοῦ,
1203 1354 1274 1397 πει-

329 1435 479 1497 σθέντων
489 1429 661 1515 χρήμασιν.
694 1427 889 1512 αἰσθόμενοι
906 1423 938 1494 δ’
951 1431 985 1494 οἰ
992 1435 1165 1508 Πλαταιεῖς
1178 1434 1274 1497 ἔνδον

328 1529 427 1607 ὄντας
441 1526 520 1605 τοῦς
531 1533 694 1614 Θηβαίους
710 1534 769 1611 τής
785 1523 907 1604 νυκτὸς
923 1529 979 1595 καί
995 1531 1147 1615 ἐξαπίνης
1165 1526 1274 1596 αὑτῶν

327 1628 389 1713 τήν
399 1625 497 1693 πόλιν
508 1628 545 1693 έν
553 1624 668 1710 εἰρήνη
676 1626 944 1710 κατειλημμένην,
956 1626 1215 1712 προσεβοήθουν
1222 1629 1274 1693 καί

329 1724 423 1791 αὐτοὶ
433 1728 488 1791 καί
499 1723 744 1791 συνετάττοντο.
778 1725 834 1789 καὶ
844 1721 954 1808 ἐπειδη
965 1721 1070 1808 ἡμέρα
1078 1726 1211 1808 Ιἐγένετο
1222 1725 1274 1792 καί

330 1821 418 1889 εἶδον
440 1819 481 1889 οῦ
503 1819 646 1899 πολλοῦς
665 1820 765 1898 ὄντας
784 1821 863 1900 τοῦς
885 1828 1066 1909 Θηβαίους,
1091 1820 1176 1892 ἀλλά
1199 1821 1273 1900 τοῦς

328 1918 479 2003 πρώτους
496 1916 607 1986 αῦτών
617 1917 885 2004 εἰσεληλυθότας·
909 1918 1001 2004 ῦῦωρ
1012 1918 1077 2005 γάρ
1091 1921 1273 2007 γενόμενον
1280 1930 1325 1989 13ἰέ

328 2025 385 2102 τῆς
403 2013 523 2092 νυκτός
540 2014 626 2082 πολὺ
643 2016 812 2102 ἐκώλυσεν
823 2013 947 2094 αῦτοῦς
960 2016 1085 2096 πάντας
1096 2023 1273 2086 εἰσελθεῖν·
1299 2021 1301 2024 ’

328 2110 575 2199 ὁγάρἉσωπός
593 2111 738 2198 ποταμός
755 2116 855 2198 μέγας
874 2116 975 2200 ἐρρύη
992 2117 1046 2183 καί
1065 2119 1219 2204 διαβῆναι
1237 2114 1275 2184 οῦ

269 2227 320 2281 100
328 2213 445 2301 ῥηίδιον
453 2203 512 2296 ἦν,
524 2208 629 2288 άλλως
640 2207 676 2277 τε
685 2212 740 2278 καί
751 2212 888 2290 νυκτός·
912 2210 955 2292 ἀς
966 2207 1029 2281 οῦν
1040 2212 1130 2281 εἰῦον
1142 2220 1177 2282 οἰ
1184 2221 1285 2282 Πλα-’

328 2323 426 2387 ταιεῑς
441 2308 519 2385 τοῦς
537 2314 702 2393 Θηβαίους
720 2311 756 2375 ἐν
773 2317 814 2397 τῇ
832 2308 923 2377 πόλει
940 2313 996 2378 καί
1011 2317 1162 2395 ἔγνωσαν
1174 2310 1272 2381 ότιοῦ

328 2410 447 2486 πάντες
464 2407 633 2493 πάρεισιν,
656 2410 857 2475 ἐπιτίθενται
873 2412 927 2493 καὶ
944 2416 989 2487 εἰς
999 2409 1108 2495 μάχην
1119 2413 1272 2490 ἐλθόντες

317 2516 487 2602 Ικρατοῦσι
513 2510 568 2574 καί
596 2507 790 2592 φθάνουσιν
816 2505 1035 2585 ἀπολέσαντες
1055 2505 1178 2587 αῦτοῦς
1198 2512 1273 2595 πρὶν

328 2604 407 2684 τοῦς
424 2606 545 2684 ἀλλους
562 2612 830 2691 προσβοηθῆσαι,
850 2608 905 2672 καί
924 2604 968 2683 ώς
985 2604 1070 2691 ὑμᾶς
1090 2611 1273 2690 πέμπουσιν

328 2701 432 2782 εῦθῦς
447 2704 587 2788 άγγελον
602 2702 663 2788 τήν
674 2728 708 2770 τε
718 2707 837 2787 πρᾶξιν
848 2702 1020 2787 φράσοντα
1030 2706 1085 2770 καί
1096 2704 1158 2788 τήν
1169 2705 1273 2790 μάχην

328 2803 516 2889 δηλώσοντα
533 2801 583 2868 ὅτι
602 2809 732 2883 νικώσι,
752 2803 807 2867 καί
823 2808 962 2887 βοηθεῖν
978 2801 1161 2884 ἀξιοῦντες,
1186 2799 1229 2870 ἀν
1243 2806 1276 2869 οί

328 2908 467 2987 Θηβαῖοι
485 2897 545 2983 τήν
562 2899 675 2983 χώραν
686 2897 798 2966 αὐτών
810 2905 944 2988 ὃηώσιν.
981 2900 1184 2981 ἀκούσαντες
1195 2903 1231 2970 δὲ
1243 2905 1274 2968 οἰ

323 2999 493 3084 Ἀθηναῖοι
507 2994 546 3062 τά
564 2999 744 3081 γεγονότα,
766 2997 820 3064 διά
837 2998 956 3083 τάχους
974 2999 1142 3085 ἐβοήθουν
1161 3006 1206 3078 εἰς
1216 2997 1272 3076 τάς

295 3157 300 3167 .
327 3093 506 3171 Πλαταιάς
530 3097 584 3161 καί
600 3099 634 3161 οἱ
644 3101 782 3180 Θηβαῖοι
800 3093 843 3173 ὡς
862 3097 974 3182 ἑώρων
990 3093 1069 3174 τοῦς
1077 3096 1274 3182 Ἀθηναίους

327 3193 574 3280 βεβοηθηκότας
589 3209 657 3273 τοίς
673 3202 912 3278 Πλαταιεῦσιν,
933 3194 1144 3280 ἀνεχώρησαν
1156 3194 1209 3261 ἐπ’
1223 3204 1272 3264 οἰ-

267 3312 316 3371 101
326 3317 396 3358 κου.
432 3293 475 3372 ώς
492 3287 555 3361 οῦν
575 3292 737 3380 ἀπέτυχον
757 3298 791 3361 οἰ
808 3301 945 3381 Θηβαῖοι
965 3300 1023 3379 τής
1039 3299 1152 3375 πείρας
1170 3294 1275 3361 καλοί

325 3395 498 3468 Πλαταιεῖς
508 3389 586 3469 τοῦς
597 3390 736 3477 ἄνδρας,
760 3389 819 3469 οῦς
830 3399 950 3478 ἔλαβον
961 3389 1073 3458 αὐτῶν
1085 3392 1123 3457 ἐν
1132 3398 1174 3479 τή
1185 3391 1271 3478 μάχη

232 3566 234 3574 y
327 3491 462 3570 ζῶντας,
491 3487 701 3574 ἀπέκτειναν,
730 3489 941 3576 ὀργισθέντες
963 3494 996 3557 οἰ
1015 3490 1272 3576 Λακεδαιμόνιοι

327 3583 579 3666 ἀπροφασίστως
599 3586 660 3672 ήδη
684 3589 922 3671 στρατεύουσιν
943 3590 995 3655 έπί
1015 3587 1073 3665 τάς
1093 3587 1271 3672 Πλαταιάς,

325 3689 604 3765 Πελοποννησίοις
619 3687 679 3769 μέν
688 3685 791 3754 ἀπασι
803 3685 889 3772 πλήν
896 3685 1051 3774 Ἀργείων
1062 3682 1101 3752 τά
1114 3685 1175 3752 δύο
1188 3689 1269 3772 μέρη
