3159 4409
312 481 374 548 184
537 486 589 542 ul.
625 479 1041 543 ΔΗΜΟΣΘΕΝΟῬΣ

311 642 435 731 τούτῳ,
463 642 584 728 ἐπειδὴ1
603 651 649 720 είς
662 639 784 727 ’Ἁργος
805 640 954 727 κατήχθη
976 645 1195 727 τετρωμένος,
1217 648 1264 732 τῷ

289 781 295 792 1
312 742 460 830 προξένῳ
479 749 546 807 τίῦν
554 739 790 825 Ἡρακλεωτῶν
806 747 853 823 τςῦ
861 737 994 828 Ἀργείφ
1005 745 1214 830 Στραμμένῳ
1222 737 1262 809 τά

310 838 458 925 χρήματα
469 842 624 923 δέδωκεν,
636 834 657 903 ἀ
668 836 816 922 κατήχθη
828 835 897 921 μετ’
912 834 1025 904 αὐτοῦ.
1043 834 1112 917 οἷος
1123 831 1187 906 οῦν
1198 840 1263 924 εἰμὶ
1271 844 1304 896 Ιδ

311 939 365 1004 καὶ
382 935 446 1021 έγώ
465 937 505 1003 τά
524 935 647 1004 ἐνθάδε
659 932 759 1012 αὐτὸς
770 931 887 1012 ἀξιοῦν
898 935 1094 1021 λαμβάνειν·
1116 934 1263 1022 ἡγοῦμαι

200 1060 201 1065 ’
247 1066 249 1070 ·
310 1033 374 1121 γάρ
392 1039 516 1129 δίκαιος
530 1031 614 1102 εἶναι
630 1038 723 1118 ἔχειν.
756 1031 799 1099 οῦ
817 1026 898 1118 οὖν,
920 1039 950 1101 εί
958 1033 1023 1119 ἀρα
1032 1034 1077 1121 μη
1090 1027 1262 1121 ἀπείληφε,

310 1134 385 1218 λέγε
402 1130 453 1199 ότι
470 1130 534 1217 ίγιό
552 1131 764 1218 ἀμφισβητῶ,
786 1127 830 1196 ἀν
845 1129 1261 1220 ἀραέλθηόΚηφισιάδης.

311 1236 342 1298 εί
351 1229 382 1298 δ’
396 1229 461 1315 ἀρα
472 1228 643 1316 ἀπείληφε,
655 1233 728 1314 λέγε
740 1226 791 1296 ότι
802 1229 866 1312 ἐγώ
877 1230 1046 1315 μάρτυρας
1055 1236 1141 1314 ἔχων
1148 1229 1263 1317 ἠξίουν

312 1332 443 1415 ἐμφανῆ
459 1336 658 1415 καταστῆσαι
673 1325 712 1394 τά
733 1327 882 1412 χρήματα
898 1323 920 1413 ἦ
936 1327 996 1394 τόν
1012 1331 1262 1414 κεκομισμένον,

311 1429 366 1495 καὶ
377 1437 409 1495 εί
414 1435 462 1506 τίς
472 1454 513 1514 με
523 1427 679 1514 βούλεται
689 1424 884 1511 ἀφελέσθαι,
896 1427 1059 1511 πρόξενον
1068 1426 1150 1495 ὄντα
1162 1426 1262 1514 ἀφαι-

269 1535 462 1613 11ρεθῆναι.
486 1524 596 1613 ἐπειδὴ
610 1527 645 1594 δὲ
657 1523 748 1616 αὐτῷ
761 1535 889 1611 είρητο,
900 1522 981 1610 ἐγω,
993 1531 1056 1611 ἔφη
1068 1522 1086 1592 ὁ
1098 1526 1223 1613 πατὴρ,
1235 1519 1262 1594 ό

311 1624 501 1708 Κάλλιππε,
523 1632 714 1710 χαριζεσθαι
729 1628 791 1710 μέν
808 1644 860 1692 σοι
879 1624 1041 1710 βούλομαι
1058 1627 1127 1703 (καὶ
1143 1625 1209 1711 γάρ
1220 1622 1261 1693 ἀν

312 1726 367 1793 καὶ
378 1730 570 1809 μαινοίμην,
589 1730 620 1791 εί
629 1723 703 1809 μη),
722 1722 810 1790 οὕτω
821 1727 949 1809 μέντοι,
963 1721 1052 1801 ὅπως
1062 1721 1162 1802 αὐτός
1173 1721 1261 1810 τεμη

312 1827 430 1906 χείρων
446 1821 531 1900 δόξω
550 1821 633 1889 εἶναι
644 1823 697 1889 καὶ
709 1824 745 1888 ἐκ
755 1828 816 1888 τοῦ
827 1821 1017 1906 πράγματος
1028 1821 1132 1906 μηδὲν
1144 1822 1262 1908 ζημιώ-

313 1939 419 2003 σομαι.
450 1925 553 1986 εἰπεῖν
565 1912 700 2004 μὲνοῦν
710 1916 1263 2007 μοιταῦταπρόςτὸνἈρχεβιάδην

312 2014 657 2101 καὶτὸνἏριστόνουν
668 2015 1263 2106 καὶπρόςαῦτὸνδὲτόνΚηφισιάδην

313 2112 413 2183 οῦδὲν
434 2120 597 2203 διαφέρει·
620 2114 679 2184 έάν
701 2119 814 2201 μέντοι
824 2116 869 2200 μὴ
881 2117 1020 2200 ἐθέλωσι
1036 2122 1140 2182 ταῦτα
1156 2130 1262 2184 ποιεῖν

252 2265 260 2279 ,
314 2213 465 2293 εἰπόντος
485 2218 584 2300 ἐμοῦ,
606 2213 705 2292 αῦτός
724 2213 788 2299 ἤδη
811 2216 964 2299 διαλέγου
985 2211 1103 2291 αὐτοῖς.
1141 2212 1271 2300 ἀμέλει,

312 2318 375 2398 ἔφη
387 2305 499 2400 οὗτος,
518 2307 709 2398 ἀΠασίων,
728 2312 787 2382 έάν
797 2313 903 2399 βοῦλη
914 2310 972 2398 σὺ,
991 2310 1189 2396 ἀναγκάσας
1201 2311 1262 2381 αῦ·

311 2409 389 2490 τοῦς
398 2422 501 2480 ταῦτα
512 2421 654 2502 ποιῆσαι.

270 2523 303 2576 12
389 2509 428 2579 “A
439 2513 501 2597 μὲν
513 2517 680 2597 διελέχθη,
697 2505 723 2578 τί
733 2511 854 2596 ἀνδρες
864 2514 1022 2597 δικασταί,
1035 2503 1132 2605 οὗτος
1145 2510 1208 2597 μὲν
1217 2519 1261 2602 τῷ

312 2613 419 2696 πατρὶ,
428 2613 551 2688 ἐκεῖνος
563 2613 598 2679 δὲ
609 2619 655 2700 τῷ
663 2609 855 2697 Ἀρχεβιάδῃ
865 2612 920 2676 καὶ
930 2616 975 2698 τῷ
982 2609 1173 2696 Κηφισιάδῃ
1183 2610 1262 2678 τοῦ·

311 2735 371 2775 του
385 2698 561 2795 δεηθέντος
571 2711 625 2777 καὶ
636 2710 743 2799 τούτῳ
754 2709 977 2794 χαριζόμενος,
994 2707 1088 2777 ταῦτ’
1100 2715 1208 2795 ἔστιν,
1229 2714 1261 2788 ἐξ

313 2799 362 2874 οἷν
378 2807 460 2874 κατά
473 2805 593 2892 μικρόν
605 2805 625 2894 ἡ
637 2813 709 2894 δίκη
725 2807 808 2892 αὕτη
820 2809 1016 2874 πέπλασται·
1039 2799 1088 2874 τόν
1099 2805 1165 2892 ἐγω
1178 2806 1262 2894 ἤθε-

314 2905 490 2993 λοντοάτμ
503 2906 628 2990 ταύτην
650 2906 723 2992 ἥτις
743 2914 791 2991 εἴη
805 2911 937 2990 μεγίστη
957 2910 1064 2984 πίστις
1089 2908 1222 2990 δοῦναι,
1238 2896 1261 2990 ἦ

270 3013 304 3067 13
312 3003 379 3090 μὴν
396 3000 459 3088 έγά
477 3010 538 3070 τοῦ
554 3001 678 3088 πατρὸς
695 3001 842 3070 ἀκούειν.
876 2995 974 3080 οὗτος
991 2998 1060 3068 δὲὸ
1080 2998 1182 3080 ἀξιοῦν
1199 2999 1261 3087 ὑφ’

312 3098 409 3185 ὑμῶν
425 3098 641 3168 πιστεύεσθαι
652 3099 702 3178 οὓς
719 3098 829 3187 ἀληθῆ
848 3102 970 3185 λέγων,
992 3106 1066 3185 τρία
1084 3105 1140 3186 ἔτη
1157 3105 1262 3168 διαλι-

312 3199 400 3284 πών,
422 3197 534 3284 ἐπειδὴ
552 3199 589 3266 τὸ
609 3207 742 3284 πρῶτον
758 3202 987 3284 διαλεχθέντος
1004 3207 1065 3267 τοῦ
1082 3197 1261 3288 πατρόςτιβ

309 3292 499 3384 Ἀρχεβιάδῃ
510 3299 564 3365 καὶ
574 3312 641 3375 τοῖς
652 3297 762 3376 ἄλλοις
771 3311 839 3378 τοῖς
846 3296 1058 3384 Κηφισιάδου
1070 3299 1273 3390 ἐπιτηδείοις,

312 3389 374 3458 οῦκ
391 3398 519 3477 ἔφασαν
529 3401 711 3484 Καλλίππῳ
729 3401 902 3482 προσέχειν
917 3393 978 3464 τόν
994 3403 1079 3463 νοῦν
1095 3393 1196 3464 οῦδὲν
1213 3393 1262 3474 οἷς

312 3493 413 3573 λέγει,
426 3490 535 3578 ἐπειδη
547 3492 670 3580 ᾔσθετο
682 3493 855 3572 ἀδυνάτως
865 3493 928 3581 ἤδη
939 3499 1056 3578 ἔχοντα
1065 3493 1126 3561 τόν
1137 3497 1261 3580 πατέρα

312 3589 367 3656 και·
377 3585 470 3673 μόλις
483 3595 529 3668 είς
539 3589 624 3659 άστυ
635 3590 858 3681 ἀναβαίνοντα
870 3595 925 3660 καί
935 3587 995 3661 τόν
1007 3591 1188 3679 ὀφθαλμόν
1198 3591 1261 3661 αῦ-

269 3702 303 3754 14
312 3684 371 3753 τόν
382 3688 599 3776 προδιδόντα,
623 3694 776 3778 λαγχάνει
787 3689 878 3782 αὐτῷ
889 3696 1001 3778 δίκην,
1022 3691 1063 3758 οῦ
1075 3691 1120 3778 μά
1129 3693 1188 3761 Δί’
1201 3690 1304 3777 οῦχιλι
