3159 4409
374 479 498 540 ΚΑΤΑ
518 476 667 539 ΕΤΕΡΓ.
689 477 775 538 ΚΑΙ
789 476 985 540 ΜΝΗΣΙΒ.
1009 479 1141 540 mm
1176 478 1236 543 107

290 647 427 707 πολλῶν
441 638 551 724 λόγων
570 639 760 724 γενομένων
775 635 988 722 ἀποκρίνεται
1003 635 1082 724 ἡμῖν
1098 638 1234 728 ἠβουλή

289 745 491 824 ψηφίσματι,
514 733 534 804 ὃ
544 733 772 822 ἀναγνώσεται
782 734 879 824 ὑμῖν,
897 738 1236 824 είσπράττεσθαιτρό-

289 860 340 926 πφ
354 827 436 925 ᾦάν
447 836 637 923 δυναίμεθα.

646 939 877 1002 ΨΗΦΙΣΜΑ.

244 1049 280 1104 34
373 1037 561 1118 Γενομένου
577 1039 692 1101 τοίνυν
707 1041 769 1100 τοῦ
783 1040 992 1120 ψηφίσματος
1005 1026 1130 1102 τούτου
1147 1035 1184 1115 έν
1194 1026 1235 1120 τῇ

289 1136 405 1220 βουλή,
416 1159 471 1201 και
460 1129 620 1210 οὑδενός
629 1136 845 1217 γραφομένου
855 1133 1068 1218 παρανόμων,
1080 1129 1164 1201 ἀλλά
1175 1157 1239 1199 κυ-

289 1237 366 1314 ρίου
375 1229 487 1316 ὄντος,
499 1227 698 1349 προσελθηδν
707 1226 853 1319 Εὐέργῳ
857 1230 963 1321 τούτῳ
974 1257 1019 1317 τῳ
1007 1229 1165 1351 ἀδελφῷ
1178 1219 1238 1297 606

290 1330 485 1416 Θεοφήμου,
507 1326 661 1415 ἐπειδὴ
629 1355 688 1397 τον
700 1328 880 1452 Θεόφημον
890 1327 951 1414 οὑχ
940 1298 1034 1405 οἷός
1043 1355 1078 1396 τε
1088 1320 1133 1415 ἠν
1143 1332 1236 1414 ίδεῖν,

286 1427 424 1514 ἔχυντο
443 1429 597 1548 ψήφισμα
612 1436 747 1513 πρῶτον
762 1428 825 1512 μὲν
839 1425 990 1514 ἀπήτησα
1005 1425 1045 1494 τά
1062 1427 1163 1514 σκεύη
1183 1429 1238 1494 καλ

286 1531 444 1596 ἐκέλευσα
456 1524 560 1604 αὐτόν
570 1526 697 1613 φράσαι
708 1551 754 1610 τῳ
741 1526 943 1615 Θεοφήμῳ,
955 1532 1064 1594 ἔπειτα
1076 1523 1237 1595 διαλιπών

284 1623 409 1713 ἠμέρας
419 1622 520 1707 τινάς,
533 1620 577 1704 ὡς
587 1622 649 1692 οὑκ
659 1621 818 1691 ἀπεδίδου
826 1621 867 1691 τά
877 1624 989 1710 σκεύη,
1002 1622 1078 1692 ἀλλ’·
1087 1624 1237 1711 ἐχλεύαζέ

285 1750 345 1811 με,
357 1720 559 1809 παραλαβών
569 1722 739 1809 μάρτνρας
749 1719 880 1809 ἠρόμην
889 1720 992 1792 αὑτὸν
1002 1724 1124 1807 πότερα
1134 1749 1235 1810 μεμε-

286 1823 440 1907 ρισμένος
452 1830 501 1906 εῖη
512 1817 596 1904 πρὸς
606 1818 665 1888 τὸν
676 1818 822 1906 ἀδελφόν
832 1816 855 1907 ἠ
864 1819 960 1908 κοιυή
972 1817 993 1908 6
1004 1819 1099 1890 οὐσία
1111 1833 1160 1909 είη
1171 1820 1234 1890 αά-
1294 1883 1296 1886 ,

243 1943 277 1996 35
286 1935 363 1999 τοῖς.
396 1917 664 2006 ἀποκριναμένου
681 1924 716 1986 δέ
725 1946 782 2005 μοι
790 1915 943 2005 Εὐέργου
955 1917 1006 1987 ὅτι
1017 1923 1235 2007 νενεμημένος

287 2029 338 2106 είη
354 2021 410 2087 καὶ
425 2021 522 2104 χειρίς
538 2024 643 2105 οίκοῖη
661 2015 679 2086 6
697 2019 887 2105 Θεόφημος,
909 2015 1010 2098 αάτός
1026 2020 1063 2088 δὲ
1080 2018 1169 2106 παρὰ
1186 2027 1234 2105 τῷ

287 2119 401 2204 πατρὶ,
424 2118 615 2203 πυθόμενος
627 2110 670 2186 οὑ
685 2115 794 2208 ἠόκειὸ
807 2118 997 2205 Θεόφημος,
1019 2115 1233 2203 λαβάνπαρά
1341 2195 1345 2207 ι

286 2224 345 2303 τής
362 2214 462 2302 ἀρχῆς
478 2212 645 2305 ὑπηρέτην
654 2209 763 2304 ἠλθον
773 2219 826 2285 έπλ
836 2219 942 2303 τηυοί
940 2224 1017 2284 κίαν
1028 2224 1093 2291 τοῦ
1101 2218 1234 2304 Θεοφή-

287 2340 363 2401 μου.
396 2315 592 2400 καταλαβεῖν
608 2319 643 2383 δ
660 2313 764 2383 αὑτὸν
784 2313 847 2383 οὑκ
863 2314 997 2383 ένδον”
978 2341 1058 2383 οντα
1081 2318 1235 2383 ἐκέλευσα

286 2412 350 2533 τήν
378 2413 561 2498 ἀνθρωπον
587 2414 648 2500 τήν
674 2411 914 2481 ὑπακούσασαν
940 2420 1111 2497 μετελθεῖν
1132 2411 1235 2480 αὑτὸν

288 2509 376 2580 ὅπου
393 2523 460 2600 εῖη,
482 2513 607 2598 ταύτην
621 2509 661 2597 ἢν
671 2509 960 2598 μεμαρτυρήκασιν
970 2535 1063 2578 ουτοι
1072 2513 1236 2596 προκαλε-

289 2609 458 2678 σασθαι
424 2637 485 2679 του
496 2611 677 2696 Θεόφημον
686 2614 909 2728 παραδοῦναι,
923 2608 987 2694 ἐγώ
999 2609 1036 2677 δε
1047 2611 1182 2690 ἐξαιτῶν
1193 2635 1234 2678 ον
1223 2609 1311 2672 '1150

289 2709 435 2830 δυήαμαι
446 2712 684 2796 παραλαβεῖν,”
669 2706 708 2776 ον’
721 2705 814 2795 ὑμεῖς
824 2707 884 2826 τήν
894 2707 1056 2796 ἀλήθειαν
1065 2710 1234 2797 πύθησθε,

242 2805 446 2890 δεοποτερος
456 2801 534 2895 ηρξε
544 2804 852 2893 χειρωναδικων
821 2834 873 2892 ως
884 2808 919 2876 δε
930 2804 1235 2892 αφικνειταιοΘεο-

289 2933 398 3028 φημος
416 2905 639 2993 μετελθούσης
660 2904 764 3003 αάτδυ
784 2915 842 2994 τῆς
863 2903 1063 2991 ἀνθρώπου,
1084 2906 1243 2996 ἀπῄτουν

288 3004 393 3075 αάτόν
409 3032 445 3072 το
435 3003 701 3092 διάγραμμα
655 3031 723 3073 των
734 2999 881 3125 σκενῶη,
904 3004 1044 3091 λέγειν
1023 3033 1073 3075 οτι
1084 3003 1147 3092 ἠδη
1159 3006 1234 3087 περὶ

287 3129 466 3200 αναγνγηυ
477 3114 564 3190 είην
576 3131 631 3172 και
619 3102 857 3172 εδεικνυον
822 3131 859 3172 το
871 3104 1024 3191 νηφισμα
1034 3129 1091 3188 της
1100 3109 1232 3188 βουλης

288 3199 333 3281 ἀς
345 3205 381 3270 δὲ
391 3203 495 3269 ταῦτα’
504 3229 570 3289 μου
581 3200 782 3288 λεγοντος
743 3230 806 3271 ουκ
817 3201 992 3286 ἀπεδίδου,
1014 3200 1093 3269 ἀλλ’
1108 3200 1232 3287 ἠπείλει

286 3301 343 3370 καὶ
359 3303 573 3393 ἐλοιδορεῖτο,
595 3300 801 3370 ἐκέλευσα
765 3329 826 3371 τον
842 3306 942 3370 παῖδα
958 3303 1093 3368 καλεσαι
1102 3311 1135 3368 εί
1141 3327 1232 3380 τινας

287 3403 355 3467 ίδοι
364 3407 432 3466 ταῖν
445 3407 589 3467 πολιτοῖν
600 3401 778 3484 παριόντας
788 3403 874 3469 έκ
835 3426 893 3485 της
902 3396 1020 3482 6606,‘'
1005 3424 1059 3466 ινα
1070 3398 1231 3487 μάρτυρές

241 3513 277 3568 37
286 3524 343 3583 μοι
354 3507 470 3584 είησαν
479 3505 546 3565 τόν
557 3503 761 3586 λεγομένων,
773 3500 829 3566 καὶ
838 3496 954 3583 ἠξίουν
964 3497 1066 3565 πόλιν
1075 3498 1135 3567 τόν
1146 3498 1232 3591 Θεό-

286 3621 400 3681 φημον
417 3591 439 3681 6
456 3594 561 3664 αάτδυ
577 3595 778 3666 ἀκολουθεῖν
789 3594 872 3680 πρὸς
882 3594 959 3675 τοὺς
969 3593 1167 3676 ἀποστολέας
1177 3595 1232 3662 καὶ

284 3692 348 3781 τήν
357 3694 496 3783 βουλήν,
507 3698 561 3764 καὶ
572 3703 603 3765 εί
611 3699 655 3783 μή
668 3717 769 3782 φησιν
780 3692 935 3784 ὀφείλειν,
946 3698 1092 3776 ἐκείνους
1101 3701 1232 3764 πεάθειν
