3159 4409
309 491 373 558 218
534 496 589 556 LV.
616 492 1029 555 ’ΔΗΜΟΣΘΕΝΟΤΣ

312 654 456 755 μάρτηκε
474 659 606 757 666606
614 656 682 764 666
705 651 774 755 την
788 650 869 720 6666
890 655 1086 756 στενοτέραν
1106 650 1256 756 ποιήσας,

312 733 483 842 ἐξαγυγῶν
491 737 602 816 ἔξω
566 762 628 822 τηυ
643 733 816 840 αἱμασιάν,
836 739 891 802 ἵνα
908 762 947 802 τα
936 734 1086 818 δένδρα
1091 742 1156 840 τῆς
1172 733 1258 838 6666

312 819 479 968 μοιήσειεν
490 829 583 926 εἴσω,
600 823 709 886 ἔπειτα
721 817 802 886 δὲ
767 845 827 922 τμν
837 823 965 928 χλῆδον
974 816 1125 927 6666666
1137 815 1229 896 εἰς
1193 844 1256 905 την

313 901 409 983 ὁδδν,
427 895 505 981 ἐξ
477 929 526 969 ων
542 901 795 987 υυηλοτεραν
760 929 821 989 την
832 901 914 971 οδον
924 904 978 969 καὶ
988 904 1185 1007 οτενοτεραν
1196 925 1256 968 ντε-

313 995 474 1071 κοιησθαι
484 988 707 1089 συμβεβηκεν
726 988 762 1054 ἐκ
773 1012 842 1053 των
853 1010 1044 1092 μαρτυριῶν
1054 994 1149 1052 αυτικ
1147 982 1257 1052 ἐἴσε-

269 1080 375 1148 ηςσθε
391 1074 618 1178 σαφέστερον,
638 1067 688 1136 ὅτι
705 1067 736 1135 δ’
749 1068 849 1137 οὐδὲν
866 1068 1082 1147 άτολωλεκῶς
1098 1068 1178 1135 0666
1194 1093 1256 1134 κα-

311 1155 588 1259 ταβεβλαμμένης
602 1150 695 1257 άξιοη
720 1153 824 1238 λόγου
850 1153 1056 1256 τηλικαύτην
1075 1177 1132 1236 μοι
1159 1155 1256 1255 δίκην

312 1246 434 1341 ελληχε,
462 1233 588 1340 6666M
568 1243 655 1320 υμᾶς
680 1235 744 1323 ἤδη
765 1237 960 1341 πειράσομαι
981 1234 1158 1302 διδάσκειν.
1198 1242 1256 1344 της

215 1371 221 1395 ,
312 1318 376 1426 γάρ
394 1317 515 1405 μητρός
531 1326 589 1405 τῆς
605 1322 681 1404 6669
697 1325 865 1406 χρωμένης
881 1346 921 1408 τη
930 1345 1059 1387 τουτων
1069 1319 1174 1424 μητρὶ
1177 1319 1255 1422 πρὶν

313 1403 453 1509 τούτους
463 1407 662 1513 ἐκιχειρῆσαλ
671 1428 711 1487 με
722 1418 961 1508 συκοφμυτεῐν,
983 1404 1038 1470 καὶ
1053 1426 1137 1505 τερος
1153 1400 1256 1510 άλλη-

314 1485 412 1565 λας’
392 1489 663 1593 αφικυουμέυων,
686 1481 808 1555 οἷονλ
779 1486 865 1565 ελκὸς
889 1484 957 1570 άμα
977 1482 1077 1594 μέν’
1059 1487 1256 1587 αμφοτέρων

315 1577 481 1638 οἰκουσῶν
498 1568 568 1637 ἐν’
551 1596 642 1679 6666
630 1571 714 1638 καὶ
730 1577 946 1679 γειτνιωσῶν,
970 1571 1038 1652 άμα
1055 1569 1090 1636 δέ
1108 1574 1178 1635 τῶν
1195 1581 1255 1634 αυ-

268 1679 303 1732 24
313 1659 403 1739 δρῶν
413 1658 590 1758 χρωμένων
607 1635 795 1761 άλλήλοις”
775 1680 837 1733 εως
853 1658 951 1758 έζωμ,
974 1651 1141 1736 ἐλθούσης
1153 1649 1237 1718 66
1181 1676 1255 1760 της

216 1764 220 1770 ·
313 1741 392 1821 ἐμῆς
409 1736 543 1841 μητρὸς
549 1735 592 1814 ῶς
609 1735 676 1886 τὴνὶ
686 1739 815 1805 τούτων
833 1741 888 1806 καὶ
904 1735 1188 1842 άτοδυραμένης’
1172 1741 1256 1801 εκεί-

313 1845 373 1924 υης
382 1844 422 1884 τα
410 1819 604 1924 συμβάντα
621 1847 663 1887 κα
664 1819 919 1906 δδεικνυούσης,
943 1845 1048 1897 ουτως
1059 1816 1255 1921 έπυθομεδα

313 1903 422 2007 66666
437 1901 545 1986 ἡμεῖς,
569 1929 594 1968 ω
585 1902 729 2008 ’άνδρες
747 1907 909 1971 δικασταί
932 1904 987 1971 καὶ
994 1905 1090 2008 λέγω
1098 1899 1194 2008 666⁹
1171 1925 1254 1983 αττερ

312 1983 962 2150 '²²66666666660220‘
983 1983 1256 2144 “66666503

313 2151 444 2218 τούτων
462 2094 620 2237 666669'
601 2151 737 2219 ακούειυ
754 2157 817 2261 ἔφη
835 2095 1025 2262 6966666
1010 2153 1047 2220 δν
1058 2093 1255 2238 εβρεχδῆνύύι,

312 2235 367 2301 καὶ
379 2236 633 2344 ξηραινομευους
643 2236 775 2302 ἰδεῖν
736 2262 856 2322 αυτην,
881 2235 962 2322 μηδε
972 2250 1058 2342 τρεῖς
1068 2239 1255 2321 μεδιμυους,

313 2314 476 2421 ἀλεύρων
487 2315 554 2385 δἐ
533 2345 576 2396 ως
597 2316 829 2425 ἡμιμέδιμνον·
851 2323 964 2388 ἐλαιου
985 2317 1014 2384 δ
1034 2318 1257 2424 ἀποκλιθῆναι

215 2426 219 2435 ·
313 2401 374 2486 μέν
396 2400 554 2508 66666606
574 2403 730 2489 φάσκειν,
752 2401 794 2471 ού
815 2405 927 2507 με’νμοι
946 2411 1069 2469 ταδειυ
1074 2427 1125 2507 γε
1146 2398 1254 2507 06666.

271 2520 304 2571 25
313 2493 472 2592 τοσαῦτα,
491 2513 517 2552 ω
507 2485 648 2590 '666969
660 2489 825 2570 δικασταὶ,
842 2513 882 2554 τα
871 2484 1051 2592 συμβάντ’
1063 2477 1107 2570 ἦν
1116 2485 1255 2589 τούτοις,

314 2564 427 2672 666²
402 2595 452 2673 66
477 2569 541 2673 έγῶ
557 2578 675 2676 χιλίων
687 2575 853 2673 δραχμῶν
859 2574 955 2680 δικηυ
965 2568 1122 2673 ατίμητον
1133 2567 1256 2654 φεύγω.

314 2649 356 2717 06
358 2651 436 2763 γάρ
452 2653 492 2736 66
509 2650 673 2736 τειχίον’
646 2680 666 2738 γ
691 2660 722 2720 εί
737 2651 878 2758 παλαιάν
896 2651 1166 2759 6666060'66666,
1183 2651 1258 2756 ἐμοὶ

313 2736 368 2801 καὶ
389 2744 486 2802 τούτο
508 2743 677 2843 λογιστέον
702 2733 849 2843 ἐστὶν,
837 2763 855 2804 ο
850 2719 949 2822 μήτ’
970 2742 1065 2836 ἔπεσε
1084 2732 1153 2822 μήτ’
1177 2733 1257 2801 άλλο

315 2815 426 2922 δεινὸν
447 2818 549 2903 μηδὲν
575 2822 709 2928 ἔπαθεν
753 2818 826 2887 ὥστ’
848 2826 879 2887 εἰ
906 2818 1121 2923 συνεχώρουν
1145 2815 1315 2894 αύτοῖςιτλλ

314 2898 473 2967 ἁπάντων
489 2901 639 2978 αλτιος
609 2928 692 3007 ειυμι
707 2910 774 2969 τῶν
784 2901 1066 3008 συμβεβηκότων,
1080 2901 1121 2968 τά
1113 2927 1170 2996 γε
1180 2907 1270 3004 βρε-

271 2988 434 3091 ηςχθέντα
458 2981 545 3051 ταῦτ’
564 2981 616 3096 ᾖν.
655 2984 754 3054 ὁπότε
777 2987 812 3054 δὲ
833 2986 912 3072 μήτε
933 2983 1003 3065 ἐξ’
965 2981 1123 3135 666696
1150 2979 1256 3068 πατὴρ

313 3065 472 3173 η’δίκει
437 3094 474 3134 το
491 3076 614 3153 χωριον
620 3073 901 3174 περιοικοδομῶν,
927 3068 1007 3175 666³
1020 3094 1037 3135 ο
1063 3094 1114 3135 τοι
1125 3069 1257 3134 τωτοτε

312 3151 511 3218 ἐνεκάλεσαν
526 3153 689 3220 τοσούτου
704 3151 830 3256 χρόνου
847 3154 1113 3238 διελθόντος,“
1079 3177 1110 3218 οι
1126 3177 1144 3216 τ
1144 3148 1258 3217 ’άλλοι

312 3234 416 3301 πολλά
428 3237 482 3338 καὶ
494 3236 587 3302 δεινά
598 3235 804 3341 πεττουδόμες
813 3237 915 3322 μηδὲν
926 3241 1054 3322 μάλλον
1063 3237 1258 3345 ἐγκμλούσιν

313 3317 399 3399 ἐμοὶ,
422 3319 543 3423 πάντες
560 3345 596 3386 τε
614 3316 740 3425 ὑμεῖς
721 3346 758 3387 το
748 3319 808 3386 ἐκ
823 3327 891 3386 τῶν
902 3322 1082 3387 οἰκιῶνκαὶ
1092 3342 1129 3382 το
1120 3314 1257 3384 ἐκτῶν

312 3401 543 3507 χωμίωυύδωρ
557 3408 650 3490 εἰςτη
653 3400 1065 3486 νὸδδυέξάγεινείῶθατε,
1079 3408 1141 3467 αλλ
1160 3425 1202 3466 ου
1213 3423 1257 3484 μα

311 3478 369 3547 Δί’
383 3486 505 3585 ελσμ
471 3511 507 3552 το
525 3489 561 3553 ἐκ
574 3496 632 3586 τῆς
630 3431 733 3554 ηὸδού
744 3488 907 3591 δέχεσθαι,
921 3492 954 3552 τί
963 3490 1015 3552 δεῖ
1024 3451 1124 3553 κλείω
1135 3484 1256 3584 λέγεινς

313 3561 439 3632 οὐδὲ
401 3591 465 3672 666
477 3571 512 3633 ἐκ
522 3568 649 3636 τούτων
663 3567 818 3678 άδηλμν”
798 3595 850 3638 οτι
861 3575 1013 3677 φανερῶς
1024 3571 1258 3675 6660666666-

269 3679 302 3734 27
312 3658 380 3755 μμι,
389 3648 449 3714 ούτ
446 3646 594 3762 '66666
600 3650 745 3756 06666'
710 3651 786 3719 ούτε
797 3650 1066 3802 βεβλαμμένωνέ
1044 3679 1064 3718 α
1076 3670 1187 3751 φασιυ.
1201 3651 1256 3715 ἵνα

312 3729 345 3796 δ’
357 3731 501 3818 εἰδητε’
481 3758 532 3799 οτι
543 3737 596 3801 και
607 3761 667 3802 τον
677 3740 800 3821 χληδον
812 3743 857 3815 ελ
841 3762 934 3821 την
946 3732 1028 3802 οδον
1039 3732 1256 3820 έκβεβλήκασι
