3159 4409
495 475 637 559 111202'
655 495 1015 557 ενοονΛιΔΗΝ.
1169 495 1232 561 251
1324 562 1328 573 ,

240 691 275 746 57
365 657 585 743 Ἐνθυμεῑσδε
602 659 718 721 τοίνυν
733 648 883 737 κάκείνο,
906 653 981 722 ὅσοι
996 663 1063 723 τῶν
1080 656 1234 742 μεγάλων

285 757 505 845 δήμωνέστδ,
534 750 578 832 εἱς
589 749 692 820 οὐδέν’
712 747 918 837 ἀπεστερεῐτε
939 751 1017 821 οὔτε
1038 765 1233 842 κατηγορίας

285 854 351 925 οὔτ’
366 852 553 938 ἀπολογίας.
585 852 640 918 καὶ
658 848 762 929 πολλά
774 846 888 935 ἀγαθά
899 853 1028 935 γένοιτο
1041 859 1143 921 πᾶσιν
1154 850 1233 941 ὑμῖν

286 969 353 1033 τοῖς
365 959 496 1031 δικαίως
506 950 612 1040 τούτῳ
624 957 670 1040 τῷ
681 947 847 1035 πράγματι
863 953 1095 1037 χρησαμένοις,
1118 950 1170 1039 ὅτι
1180 955 1235 1022 καὶ

284 1061 353 1120 τῶν
371 1051 598 1137 ἀναβαλέσθαι
615 1050 782 1134 δεομένων
798 1045 860 1116 οὐκ
878 1046 1056 1138 ἀφῄρησθε
1070 1047 1107 1118 τδ
1126 1036 1233 1135 παρα·

286 1150 530 1218 σκευάσασδαι·
570 1139 599 1236 ᾦ
623 1149 678 1215 καλ
703 1147 782 1226 τους
803 1158 1096 1237 συκοφαντοῦντας
1116 1152 1172 1221 καὶ
1194 1149 1233 1218 δι’

242 1275 277 1330 53
287 1255 410 1334 ἔχθραν
420 1246 695 1334 ἐπιβουλεύοντας
705 1248 897 1334 ἐξηλέγχετε.
909 1251 964 1317 καὶ
976 1247 1061 1336 ὑμᾶς
1069 1251 1131 1337 μὲν
1140 1250 1234 1330 ἀξιον

285 1350 440 1432 ἐπαινεῖν,
453 1339 480 1414 ά
493 1346 611 1433 ἀνδρες
618 1344 804 1433 Ἀθηναῖοι,
815 1346 894 1425 τούς
904 1350 941 1415 δὲ
952 1356 1043 1437 καλῷ
1053 1351 1107 1416 καὶ
1120 1353 1234 1437 δικαίφ

285 1446 450 1530 πράγματι
464 1444 508 1530 μὴ
531 1451 640 1522 καλῶς
660 1445 887 1530 χρησαμένους
906 1452 1030 1532 ψέγειν.
1063 1450 1100 1515 έν
1122 1446 1236 1517 οάδενὶ

284 1552 401 1612 τοίνυν
414 1540 566 1629 εὑρήσετε
577 1549 644 1610 τῶν
652 1542 766 1628 δήμων
778 1542 946 1629 δεινότερα
955 1551 1157 1633 γεγενημένα
1168 1554 1235 1614 τῶν

285 1640 360 1728 παρ’
372 1639 461 1727 ἡμῖν.
492 1633 586 1707 οὗτοι
601 1637 665 1726 γάρ
681 1637 837 1724 ἀδελφοῖν
855 1637 1063 1729 ὁμομητρίων
1080 1646 1135 1712 καὶ
1153 1642 1234 1730 ὁμο·
1291 1652 1294 1662 “

286 1746 432 1824 πατρίων
443 1747 510 1806 των
520 1742 582 1824 μέν
593 1744 676 1806 είσιν
686 1735 968 1825 ἀπεψηφισμένοι,
986 1749 1053 1809 τῶν
1064 1739 1096 1808 δ’
1110 1736 1167 1827 οδ,
1179 1745 1235 1812 καλ

284 1841 519 1925 πρεσβυτέρων
529 1835 722 1923 ἀνθρώπων
732 1833 881 1925 ἀπόρων,
892 1829 941 1904 άν
950 1836 1029 1918 τοδς
1041 1844 1122 1920 νίείς
1133 1842 1232 1924 έγιια-

284 1943 525 2006 ταλελοίπασιν·
536 1934 724 2004 καὶτούτων
735 1928 1235 2026 ἀνβοάλησδε,μάρτνραςπαρ-

243 2064 276 2118 59
286 2041 405 2125 ε’ξομαι.
439 2033 506 2104 δδὲ
519 2035 653 2102 πάντων
674 2032 866 2103 δεινότατον
877 2039 911 2103 ολ
926 2039 1164 2125 συνεστηκότες
1174 2062 1234 2106 πε-

286 2137 441 2224 ποιήκασι
459 2141 533 2216 (καί
545 2160 602 2220 μοι
619 2130 703 2220 πρδς
718 2130 801 2212 Διὸς
821 2136 877 2202 καὶ
900 2143 993 2205 θεῶν
1017 2139 1129 2222 μηδεὶς
1149 2135 1234 2204 ὑπο-

286 2237 370 2324 λάβη
387 2235 573 2319 δυσκόλως,
596 2230 655 2300 ’ἐάν
671 2229 748 2310 τοὺς
763 2231 960 2320 ἠδικηκότας
976 2234 1118 2321 ἐμαυτὸν
1129 2260 1312 2321 mvn-1317

287 2335 367 2423 ρούς
377 2335 476 2412 ὄντας
492 2330 701 2401 ἐπιδεικνύω·
724 2335 846 2416 νομίζω
863 2328 927 2416 γάρ
939 2329 1018 2418 ὑμῖν
1035 2331 1097 2418 τὴν
1107 2335 1235 2400 τούτων

287 2439 450 2520 πονηρίαν
464 2428 597 2508 δεικνύς
614 2425 695 2498 αὐτὸ
713 2426 749 2495 τδ
769 2436 904 2514 πρᾶγμα
921 2434 1027 2512 λέγειν
1042 2426 1079 2497 τὸ
1098 2429 1237 2514 γενόμε-

286 2533 348 2601 νόν
359 2537 444 2619 μοι)·
458 2521 550 2598 οὗτοι
560 2525 641 2615 γάρ,
655 2519 682 2594 ολ
694 2523 814 2611 ἀνδρες
823 2525 1001 2612 Ἀθηναῖοι,
1014 2532 1236 2612 βουλομένους

287 2630 379 2712 τινάς
391 2629 595 2718 ἀνθρώπους
607 2630 721 2708 ξένους
732 2630 866 2704 πολίτας
882 2629 1055 2710 γενέσθαι,
1070 2623 1237 2710 Ἀναξιμέ-

286 2758 350 2817 νην
363 2732 417 2800 καὶ
428 2730 672 2812 Νικόστρατον,
685 2726 782 2813 κοινῇ
791 2724 1038 2811 διανειμάμενοι
1048 2724 1145 2813 πέντε
1156 2725 1238 2803 δρα-

286 2827 370 2916 χμάς
381 2831 517 2906 ἕκαστος
534 2828 781 2913 προσεδέξαντο.
814 2827 869 2892 καλ
886 2821 976 2892 ταῦτ’
988 2821 1050 2891 οὐκ
1067 2817 1110 2890 ἀν
1121 2820 1238 2908 ἐξομό-

288 2948 381 2996 σαιτο
396 2924 603 3014 Εάβουλίδης
623 2921 697 2993 οὐδ’
712 2928 746 2991 οί
760 2950 820 3010 μετ
840 2948 944 2991 αντον
961 2950 1005 3010 μη
1024 2949 1086 2990 ουκ
1103 2922 1232 2989 εἰδέναι.

287 3027 344 3095 καὶ
355 3032 420 3092 νῦν
431 3025 558 3092 τούτων
576 3021 639 3091 οὐκ
651 3021 911 3108 ἀπεψηφίσαντο.
940 3028 974 3090 τί
982 3014 1045 3090 οὖν
1055 3017 1117 3089 οὐκ
1128 3015 1173 3086 ἀν
1183 3028 1234 3087 οί-

288 3133 367 3192 εσδε
384 3122 522 3202 τούτους
541 3127 607 3212 ίδίχι
630 3128 779 3209 ποιησαι,
802 3128 837 3190 οἳ
854 3129 951 3209 κοινῇ
966 3117 1054 3187 ταῦτ’
1072 3119 1233 3205 ἐτόλμωυ;

245 3240 279 3296 60
288 3221 442 3307 πολλοὺς,
457 3214 485 3290 ἀ
495 3221 614 3307 ἀνδρες
625 3222 783 3307 δικασταὶ,
796 3225 830 3289 ολ
839 3217 910 3307 μετ’
928 3215 1140 3304 Εὐβουλίδου
1152 3237 1235 3284 σνν-

289 3323 494 3402 εστεῖτες-καὶ
512 3320 739 3389 ἀπολωλέκασι
755 3321 811 3388 καὶ
828 3318 1012 3386 σεσώκασιν
1029 3313 1110 3384 ἕνεκ’
1129 3313 1235 3402 ἀργυ-

289 3430 372 3506 ρίου.
406 3424 474 3491 ἐπεὶ
490 3424 545 3490 καὶ
561 3418 597 3489 τδ
615 3421 778 3507 πρότερον
795 3420 876 3503 (έρω
892 3414 925 3482 δ’
937 3420 982 3494 είς
999 3411 1080 3482 αὐτὸ
1098 3413 1135 3483 τδ
1148 3421 1234 3501 πρά-

289 3550 371 3610 γμα,
395 3515 561 3607 οἷ’άνδρες
581 3518 763 3606 Ἀθηναῖοι)
786 3520 964 3601 δημαρχων
984 3510 1002 3582 ὁ
1024 3511 1234 3601 Εὐβουλίδου

290 3618 414 3707 πατὴρ,
427 3619 537 3706 ίίσπερ
549 3617 658 3703 εἷπον,
668 3616 866 3700 Ἀντίφιλος,
878 3611 1022 3700 τεχνάζει
1032 3613 1234 3701 βουλόμενος

290 3719 380 3805 παρά
391 3744 492 3787 τινων
503 3725 616 3805 λαβεῖν
627 3714 805 3802 ἀργύριον,
815 3713 869 3781 καλ
881 3716 943 3799 ἔφη
955 3713 991 3782 τὸ
1004 3711 1119 3781 κοινὸν
1129 3732 1236 3795 γραμ-
