3159 4409
482 499 623 561 ΠΡΟΣ
649 498 1046 564 ΝΙΚΟΣΤΡΑΤΟΝ.
1174 504 1236 569 193

286 688 346 748 μοι
363 657 381 727 ὁ
400 660 506 746 πατὴρ
522 664 688 745 κατέλιπε,
710 665 847 745 κομίσας
864 659 908 739 ἀς
925 669 1069 730 Θεοκλέα
1086 662 1146 732 τάν
1162 664 1236 734 τότε

286 757 559 845 τραπεζιτεύοντα
568 758 741 843 ἐκπώματα
749 761 804 826 καὶ
812 762 979 845 στέφανον
986 771 1144 850 χρυσοῦν,
1152 762 1234 850 ἅπερ

289 858 361 942 ἐμοὶ
377 858 413 923 ἐκ
430 863 498 924 τῶν
509 855 671 946 πατρῴων
681 854 761 924 ὄντα
772 856 965 946 ε’τύγχανεν,
989 864 1145 930 ἐκέλευσα
1156 866 1236 929 δοῦ-

289 980 346 1021 ναι
362 954 469 1044 τούτῳ
488 961 590 1040 χιλίας
607 953 769 1040 δραχμάς,
792 957 961 1048 καὶτοῦτο
981 963 1090 1026 ἔδωκα
1110 957 1238 1044 δωρεάν

250 1075 282 1126 10
291 1050 382 1141 αύτῷ
398 1050 434 1120 τδ
452 1050 630 1139 ἀργύριον,
654 1055 708 1120 καὶ
719 1050 872 1138 ὁμολογοῖ
885 1059 1070 1123 δεδωκέναι.
1103 1053 1239 1142 ἡμέραις

291 1147 324 1215 δ’
342 1148 383 1216 ού
403 1158 537 1229 πολλαῖς
553 1149 694 1237 ὕστερον
711 1152 910 1233 προσελθών
926 1179 982 1239 μοι
999 1153 1113 1220 κλάων
1126 1159 1238 1239 ἔλεγεν

290 1246 341 1315 δτι
354 1252 387 1316 οί
401 1251 487 1327 ξένοι
500 1247 668 1317 ἀπαιτοῖεν
678 1246 797 1335 αύτὸν,
811 1255 845 1317 ολ
855 1254 1062 1331 δανείσαντες
1070 1251 1111 1320 τά
1122 1253 1237 1338 λύτρα,

290 1345 327 1413 τὸ
346 1345 463 1414 λοιπδν
473 1346 652 1433 ἀργύριον,
674 1349 728 1415 καὶ
739 1351 775 1414 έν
785 1363 856 1426 ταῖς
867 1365 1074 1436 συγγραφαῖς
1085 1361 1134 1436 είη
1144 1352 1239 1435 τριά-

291 1443 392 1514 κονθ’
409 1443 541 1531 ἡμερῶν
553 1444 656 1514 αάτὸν
667 1439 851 1513 ἀκοδοῦναι
862 1441 884 1532 ἢ
896 1448 1071 1516 διπλάσιον
1081 1446 1236 1534 ὀφείλειν,

289 1546 345 1612 καὶ
362 1541 458 1611 ὅτιτὸ
470 1551 592 1629 χωρίον
602 1544 639 1610 τδ
652 1547 689 1611 έν
698 1544 857 1628 γειτόνων
868 1571 924 1629 μοι
933 1553 1031 1613 τοῦτο
1043 1544 1151 1626 οὐδεὶς
1161 1549 1238 1616 ἑθέ-

289 1639 674 1726 λοιούτεπρίασθαιούτε
684 1647 854 1709 τίθεσθαι·
868 1640 886 1710 ὁ
898 1641 961 1728 γάρ
968 1641 1110 1728 ἀδελφὰς
1120 1641 1137 1711 ὁ
1148 1643 1238 1730 'Aoe-

288 1738 448 1823 θούσιος,
478 1729 520 1804 οὗ
545 1736 747 1822 τάνδράποδ’
777 1742 844 1807 ἐστὶ
864 1749 967 1808 ταῦτα
986 1739 1009 1808 ἀ
1028 1750 1095 1809 νῦν
1115 1741 1237 1828 ἀπογέ-

289 1842 448 1924 γραπται,
471 1831 591 1905 ούδένα
609 1839 674 1927 ἐῴη
686 1837 761 1905 ούτε
773 1837 930 1908 ἀνεῖσθαι
941 1840 1017 1909 ούτε
1027 1848 1181 1910 τίθεσθαι
1193 1839 1237 1920 ὡς

250 1961 281 2013 11
292 1940 546 2022 ἐνοφειλομένου
557 1935 646 2027 αύτῷ
658 1935 828 2023 ἀργυρίου.
863 1938 905 2006 σύ
916 1933 980 2008 ούν
990 1967 1062 2028 μοι,
1081 1932 1162 2029 ἔφη,
1175 1941 1239 2010 πύ-

292 2052 388 2121 ρισον
404 2033 441 2103 τὸ
457 2038 608 2104 ἐλλεῖπον
624 2043 685 2103 τοῦ
701 2033 887 2123 ἀργυρίου,
904 2041 984 2123 πρὶν
994 2037 1052 2116 τάς
1061 2035 1236 2122 τριάκονθ’

290 2131 412 2219 ἡμέρας
423 2143 612 2219 παρελθεῖν,
623 2138 679 2203 ίνα
687 2133 731 2220 μη
744 2133 808 2202 ὅτε
819 2133 1023 2220 ἀποδέδωκα,
1035 2142 1109 2222 ἔφη,
1120 2136 1179 2216 τάς
1189 2163 1235 2221 χι·

292 2239 362 2310 λίας
374 2231 533 2317 δραχμάς,
555 2231 770 2316 ἀπόλωνται,
783 2235 837 2299 καὶ
849 2231 947 2310 αύτδς
959 2231 1124 2318 ἀγώγιμος
1133 2234 1239 2318 γένω-

292 2356 359 2417 μαι.
393 2333 548 2408 συλλέξας
558 2327 600 2413 δ’,
625 2335 705 2414 ἔφη,
727 2329 786 2398 τὸν
797 2335 934 2414 ἔρανον,
953 2329 1086 2397 ἐπειδάν
1096 2329 1174 2407 τούς
1188 2335 1240 2408 ξέ-

293 2455 373 2506 νονς
383 2426 574 2510 ἀπαλλάξω,
593 2429 645 2495 σοὶ
655 2424 849 2494 ἀποδύσωδ
859 2426 902 2492 ἀν
912 2452 968 2511 μοι
977 2425 1106 2512 χρήσης.
1141 2426 1240 2495 οἶσθα

295 2526 338 2614 δ’,
359 2532 439 2613 ἔφη,
461 2524 512 2594 ὅτι
528 2527 583 2592 καὶ
600 2529 633 2592 oc
643 2525 739 2610 νόμοι
749 2524 922 2591 κελεύουσι
932 2531 993 2590 τού
1003 2528 1190 2608 λυσαμένου
1201 2527 1237 2592 έκ
1247 2540 1316 2593 1250

293 2634 361 2694 τοῖν
378 2632 543 2710 πολεμίων
560 2621 644 2690 εἶναι
660 2621 718 2690 τδν
729 2625 891 2708 λυθέντα,
914 2620 974 2690 ἐὰν
983 2619 1027 2708 μη
1040 2619 1185 2711 ἀποδιδῷ
1198 2620 1237 2689 τά

251 2739 285 2791 12
294 2725 406 2808 λύτρα.
442 2720 576 2791 ἀκούων
595 2720 626 2788 δ’
646 2720 752 2789 αύτού
768 2729 872 2789 ταῦτα
888 2724 942 2788 καὶ
960 2726 1069 2788 δοκῶν
1091 2718 1133 2788 ού
1154 2721 1238 2800 ψεύ-

294 2830 413 2891 δεσθαι
429 2821 657 2908 ἀπεκρινάμην
674 2818 763 2910 αύτῷ
791 2817 875 2905 άπερ
902 2815 945 2887 ἀν
961 2823 1035 2897 νέος
1050 2845 1084 2886 τε
1102 2817 1239 2903 ἀνθρω-

293 2947 356 2998 πος
372 2921 427 2987 καὶ
443 2926 569 2998 οἰκείως
585 2918 766 3005 χράμενος,
786 2917 849 2987 οὐκ
866 2913 909 2984 ἀν
924 2925 1059 3004 νομίσας
1077 2917 1238 3003 ἀδικηθῆ-

294 3045 367 3100 ναι,
388 3014 455 3102 δτι,
475 3011 730 3104 ἀΝικόστρατε,
750 3021 804 3084 καὶ
814 3021 851 3084 έν
862 3025 907 3104 τῷ
920 3015 983 3101 πρὸ
996 3025 1057 3085 τοῦ
1067 3039 1120 3084 σοι
1130 3016 1237 3102 χρόνῳ

295 3124 391 3203 φίλος
405 3108 448 3202 ἦν
457 3112 625 3200 ἀληθινὸς,
632 3117 686 3183 καὶ
696 3123 761 3183 νῦν
769 3119 807 3184 έν
814 3129 883 3193 ταῖς
892 3128 1076 3200 συμφοραῖς
1082 3134 1155 3197 σου,
1162 3107 1237 3179 καθ’

295 3215 379 3283 ὅσον
389 3210 453 3298 έγιδ
465 3212 642 3298 ἐδυνάμην,
656 3215 856 3300 βεβοήθηκα.
879 3210 989 3296 ἐπειδὴ
1003 3208 1033 3276 δ’
1048 3212 1086 3277 έν
1096 3216 1141 3299 τῷ
1153 3218 1238 3302 παρὲ

295 3315 367 3383 ύντι
385 3310 426 3380 ού
450 3311 591 3400 δύνασαι
613 3320 744 3395 πορίσαι
755 3311 885 3378 ἅπαντα
895 3309 934 3375 τά
946 3308 1111 3394 χρήματα,
1133 3305 1237 3393 ἀργύ-

297 3438 370 3496 ριον
381 3411 442 3496 μέν
453 3411 523 3496 ἐμοὶ
536 3407 577 3476 ού
587 3409 759 3495 πάρεστιν,
781 3406 857 3476 οὐδ’
869 3413 930 3493 έχω
941 3404 1014 3474 οὐδ’
1033 3403 1149 3489 αὐτὸς,
1171 3414 1240 3474 τῶν

298 3513 334 3580 δέ
345 3509 519 3597 κτημάτων
530 3529 582 3576 σοι
592 3517 659 3577 τῶν
671 3513 760 3595 ἐμεῖν
770 3514 902 3592 κίχρημι
912 3503 932 3571 δ’
942 3531 973 3570 τι
986 3503 1115 3591 βούλει,
1135 3507 1239 3572 θέντα

297 3618 357 3678 τοῦ
368 3613 538 3677 ἐπιλοίπου
550 3607 711 3694 ἀργυρίου
717 3605 798 3675 ὅσον
809 3609 961 3689 ένδείσοι,
967 3601 1120 3671 ἐνιαυτὸν
1130 3599 1240 3685 ἀτόκῳ

299 3717 441 3795 χρῆσθαι
456 3715 503 3799 τῷ
522 3705 668 3797 ἀργυρίῳ
680 3708 735 3774 καὶ
745 3703 928 3772 ἀποδοῦναι
938 3714 1005 3781 τοῖς
1014 3705 1125 3782 ξένοις.
1159 3702 1241 3764 συλ-

342 3804 477 3857 Demosth.
513 3803 571 3854 Vol.
585 3803 635 3855 111.
1055 3797 1089 3850 13
