3159 4409
493 478 635 539 ΠΡΟΣ
653 477 914 539 ΜΑΚΑΡΤΑ
924 479 1038 544 ΤΟΝ.
1198 479 1240 544 45

288 664 333 706 νυ
345 636 378 705 δ’
388 641 455 706 ἐστὶ
467 640 584 728 ῥηίδιον
595 653 665 716 ταῖς
674 639 804 706 τούτων
820 654 1042 724 παρασκευαῖς
1057 638 1242 727 ἀνταγωνί-

288 742 413 817 ζεσθαι.
445 741 656 823 παραδίδωμι
671 729 734 804 ούν
750 734 832 824 ύμῖν
848 735 909 805 τὸν
925 743 1025 805 παῖδα
1043 743 1191 824 τουτονὶ,
1214 733 1241 808 ῶ

290 833 411 919 ἀνδρες
423 839 588 919 δικασταί,
612 839 869 922 ἐπιμεληθῆναι,
888 833 978 915 ὅπως
996 834 1077 922 ύμῑυ
1087 841 1180 905 δοκεῖ
1189 843 1240 905 δι-

289 932 466 1001 καιότατον
477 932 568 1001 εἶναι,
593 925 690 1012 οὗτος
702 939 925 1022 εἰσπεποίηται
942 940 989 1012 εἱς
1004 929 1064 1002 τῶν
1077 933 1240 1003 οἷκοντόν

289 1029 518 1120 Εύβουλίδου,
536 1037 591 1101 καὶ
611 1040 756 1120 εἰσῆκται
773 1040 818 1113 είς
829 1032 907 1112 τούς
919 1034 1102 1122 φράτερας,
1120 1032 1182 1101 οὐκ
1195 1041 1239 1112 είς

290 1129 368 1211 τούς
380 1134 494 1218 ἐμούς,
513 1131 581 1201 ἀλλ’
593 1139 639 1212 είς
655 1131 733 1211 τούς
743 1131 955 1219 Εὐβουλίδου
972 1134 1027 1200 καὶ
1042 1129 1175 1217 Ἁγνίου
1185 1135 1239 1200 καὶ

240 1241 275 1296 82
289 1231 517 1314 Μακαρτάτου
529 1237 670 1299 τουτουί.
702 1233 757 1298 καὶ
769 1230 824 1299 ὅτε
842 1230 1005 1317 εἰσήγετο,
1028 1232 1133 1317 οἱμὲν
1145 1231 1240 1298 άλλοι

289 1327 451 1414 φράτερες
461 1330 612 1417 κρύβδην
626 1336 747 1418 ἐφερον
765 1327 827 1417 την
838 1337 970 1416 ψῆφον,
987 1329 1100 1396 οὑτοσὶ
1113 1331 1148 1396 δὲ
1158 1336 1238 1394 Μα-

288 1425 449 1511 κάρτατος
461 1437 591 1517 φανερᾷ
602 1436 644 1516 τῇ
661 1429 761 1517 ψήφῳ
779 1433 963 1514 ἐψηφίσατο
981 1425 1094 1510 ὀρθῶς
1110 1428 1239 1513 εἰσάγε-

288 1535 370 1594 σθαι
380 1524 571 1615 Εὐβουλίδη
582 1526 658 1595 υἱὸν
676 1525 737 1594 τδν
753 1531 855 1593 παῖδα
874 1526 1021 1610 τουτονὶ,
1039 1522 1101 1591 ούκ
1119 1527 1239 1613 ἐθελή-

288 1643 349 1703 σας
363 1623 516 1704 ἅψασθαι
527 1632 589 1693 τοῦ
600 1629 723 1708 ἱερείου
739 1622 815 1691 οὐδ’
827 1621 1010 1709 ἀπαγαγεῖν
1021 1620 1086 1690 ἀπὸ
1098 1632 1159 1691 τοῦ
1169 1631 1238 1712 βω-

286 1731 356 1809 μοῦ
382 1720 698 1791 ύπεύθυνοναύτδυ
708 1723 862 1809 ποιήσας·
883 1721 966 1791 ἀλλά
977 1727 1032 1790 καλ
1048 1721 1110 1809 την
1120 1729 1237 1810 μερίδα

284 1829 356 1888 τῶν
368 1829 477 1906 κρεῶν
484 1821 584 1913 ᾤχετο
596 1821 708 1910 λαβῶν
719 1822 808 1909 παρά
816 1830 878 1890 τοῦ
889 1820 1007 1902 παιδὸς
1017 1826 1161 1908 τουτουὶ,
1170 1822 1237 1891 ῶσ-

242 1942 349 2004 ςςπερ
368 1919 423 2002 καὶ
440 1923 481 1986 οἱ
494 1919 589 1989 ἀλλοι
611 1921 780 2007 φράτερες.
824 1927 967 2007 νομιῖετε
994 1921 1033 2008 δὴ
1054 1919 1114 1990 τὸν
1136 1927 1236 1990 παῖδα

287 2025 419 2103 τοῦτον,
432 2011 460 2084 ῶ
470 2017 588 2105 ἀνδρες
598 2025 757 2105 δικασταὶ,
769 2025 936 2107 ἱκετηρίαν
948 2017 1028 2106 ὑμῖν
1039 2031 1236 2106 προκεῖσθαι

288 2113 373 2202 ὑπὲρ
384 2125 451 2184 τῶν
465 2118 742 2207 τετελευτηκότων
750 2117 884 2205 Ἁγνίου
894 2120 949 2187 καὶ
959 2117 1170 2207 Εὐβουλίδου
1180 2123 1236 2189 καλ

288 2223 356 2282 τῶν
367 2214 478 2284 ἀλλων
490 2227 557 2285 τῶν
566 2217 630 2287 ἀπὸ
642 2227 704 2287 τοῦ
710 2218 854 2304 Ἁγνίου,
873 2221 929 2287 καὶ
940 2221 1101 2288 ἱκετεύειν
1113 2218 1236 2298 αύτούς

288 2311 376 2399 ὑμᾶς
391 2313 468 2393 τούς
485 2316 640 2396 δικαστάς
655 2317 745 2395 ὅπως
760 2316 805 2403 μη
824 2319 1111 2403 ἐξερημωθήσεται
1124 2317 1236 2403 αὐτῶν

288 2410 306 2480 ὁ
325 2411 414 2491 οἶκος
430 2411 494 2481 ὑπὸ
505 2422 583 2483 ,τῶν
600 2425 729 2502 μιαρῶν
745 2416 875 2482 τούτων
891 2421 1038 2499 θηρίων,
1063 2420 1189 2482 οἱεὶσιν
1199 2418 1235 2481 ἐκ
1244 2437 1313 2494 1079

287 2506 349 2581 τοῦ
360 2520 525 2596 Στρατίου
537 2523 641 2599 οἱκου,
655 2518 690 2581 ἐκ
702 2513 737 2581 δὲ
747 2509 947 2596 τοῦῗΑγνίου
959 2508 1159 2579 οὐδεπώποτ’
1167 2514 1239 2597 ἐγέ-

287 2638 404 2680 νοντο·
432 2609 510 2698 μηδ’
530 2616 723 2700 ἐπιτρέψητε
740 2611 872 2690 τούτοις
889 2617 975 2697 ἔχειν
990 2611 1031 2679 τά
1046 2608 1091 2698 μὴ
1109 2609 1237 2697 προσή-

286 2735 399 2798 κοντα,
412 2710 480 2781 ἀλλ’
494 2711 679 2782 ἀποδοῦναι
690 2711 900 2799 ἀναγκάσατε
918 2717 963 2790 εἱς
977 2708 1037 2786 τὸν
1044 2709 1176 2794 Ἁγνίου
1186 2705 1237 2777 οἶ-

240 2823 348 2878 84κον
359 2825 426 2889 τοῖς
437 2813 643 2899 προσήκουσι
653 2827 721 2892 τοῖς
732 2809 876 2897 Ἁγνίου.
909 2810 973 2895 ἐγῶ
991 2812 1052 2896 μὲν
1071 2802 1134 2877 οὖν
1151 2810 1236 2875 ἐκεί-

286 2936 358 2993 νοις
368 2935 402 2976 τε
419 2917 537 2997 βοηθῶ
548 2927 615 2990 τοῖς
634 2911 881 2996 τετελευτηκόσὶ
897 2911 953 2977 καὶ
965 2924 1032 2987 τοῖς
1044 2908 1158 2993 νόμοις
1168 2919 1236 2984 τοὶς

285 3010 362 3095 περὶ
372 3009 499 3077 τούτων
509 3018 688 3096 κειμένοις,
707 3012 822 3095 δέομαι
838 3012 873 3076 δὲ
884 3009 939 3076 καὶ
950 2999 1104 3099 ὑμῶν,ῶ
1116 3005 1235 3089 ἀνδρες

287 3112 447 3190 δικασταὶ,
458 3111 512 3176 καὶ
524 3110 660 3189 ἱκετεύω
672 3111 725 3187 καὶ
737 3108 912 3195 ἀντιβολῶ,
924 3105 967 3193 μὴ
980 3109 1144 3190 περιίδητε
1155 3103 1235 3192 μήτε

287 3204 348 3274 τδν
357 3210 459 3274 παῖδα
469 3210 600 3277 τουτονὶ
612 3205 815 3295 ὑβρισθέντα
827 3204 892 3275 ὑπδ
906 3205 1049 3287 τούτων,
1067 3203 1147 3288 μήτε
1158 3202 1235 3284 τούς

286 3306 477 3391 προγόνους
485 3305 563 3386 τούς
573 3308 695 3376 τούτου
708 3313 756 3375 ἔτι
764 3315 892 3394 μᾶλλον
901 3307 1236 3390 καταφρονουμένους

286 3399 393 3488 ἦνύυ
413 3405 738 3492 καταπεφρόνηνται,
761 3404 822 3473 ἐδιν
839 3401 1081 3488 διαπράξωνται
1098 3397 1192 3470 οὗτοι
1213 3401 1235 3468 δι’

286 3504 481 3590 βούλονται·
505 3503 587 3571 ἀλλά
604 3520 670 3584 τοῖς
690 3531 725 3572 τε
740 3506 856 3591 νόμοις
872 3510 1025 3589 βοηθεῖτε
1037 3503 1091 3568 καὶ
1101 3510 1170 3570 τῶν
1180 3528 1234 3569 τε-

264 3617 270 3622 ’
289 3603 531 3690 τελευτηκύτων
549 3607 771 3691 ἐπιμελεῖσθε,
793 3602 883 3681 ὅπως
899 3599 943 3688 μὴ
962 3605 1154 3690 ἐξερημωθῇ
1171 3597 1234 3666 αύ-
