3159 4409
504 481 646 548 ΠΡΟΣ
675 486 1034 549 ΕΤΒΟΤΛΙΛΗΝ.
1176 489 1241 556 237

290 647 425 734 νόμους,
436 646 491 713 καὶ
503 652 630 731 μᾶλλον
639 640 661 730 ἢ
670 653 847 738 προσῆκεν,
859 644 980 726 ἀδίκως
989 651 1043 716 καὶ
1052 658 1241 721 πλεονεκτι-

290 755 358 825 κῶς
373 744 435 832 τὴν
451 750 654 834 κατηγορίαν1
667 752 857 831 πεποίηται,
878 744 1061 831 ἀναγκαῖον
1078 750 1149 833 ἐμοὶ
1166 754 1241 835 περὶ

264 836 342 924 θῶν
353 849 390 911 έν
400 857 468 922 τοῖς
480 839 815 930 δημόταιςόβρίσδηυ
826 851 960 930 πρῶτον
971 852 1083 914 εἰπεῖν.
1104 844 1184 926 άξιῶ
1194 846 1239 934 δ’,

291 937 319 1011 ῶ
331 943 451 1027 άυδρες
460 941 639 1030 Ἀθηναῖοι,
651 946 784 1029 μηδέπω
795 940 936 1029 τὴντῶν
947 949 1099 1030 δημοτῶν
1109 942 1242 1032 ἀποφή-

290 1063 386 1127 φισιυ
404 1051 571 1109 ποιεῖσθαι
586 1040 763 1128 τεκμήριον
778 1038 882 1129 ὑμᾶς,
907 1040 951 1122 ῶς
968 1042 1034 1130 ἄρα
1050 1041 1124 1130 οὐχὶ
1136 1065 1242 1129 προσ-
1251 1061 1315 1114 1301

288 1139 363 1228 η’κει
380 1167 436 1227 μοι
446 1148 504 1228 τῆς
515 1140 648 1220 πόλεως.
684 1145 715 1207 εί
721 1138 785 1228 γάρ
797 1139 895 1208 πάντ’
908 1145 1069 1228 ἐνομίζετε
1079 1141 1120 1210 τά
1131 1147 1241 1212 δίκαια

276 1239 495 1326 ,δυνήσεσθαι
510 1242 589 1317 τοὺς
605 1238 747 1326 δημότας
764 1244 944 1326 διακρῖναι,
966 1238 1029 1309 οὐκ
1043 1237 1086 1308 άυ
1097 1241 1241 1328 έδιόκατε

288 1336 351 1423 την
367 1335 519 1423 είςὺμοῖς
535 1342 665 1422 ἔφεσιν·
687 1346 753 1406 νῦν
771 1341 806 1406 δὲ
823 1342 878 1406 καὶ
895 1337 949 1406 διά
967 1348 1174 1425 φιλονεικίαν
1184 1345 1240 1423 καὶ

289 1435 344 1505 διά
361 1438 497 1521 φθόνον
513 1439 569 1505 καὶ
586 1433 630 1504 δι’
650 1442 778 1523 ἔχθραν
796 1439 851 1505 καὶ
868 1437 913 1528 δι’
930 1436 1032 1518 άλλας
1054 1440 1239 1525 προφάσεις

288 1542 427 1604 ἔσεσθαί
440 1562 472 1608 τι
490 1544 644 1604 τοιοῦτον
659 1533 844 1622 ἡγούμενοι·
856 1534 919 1623 τὴν
934 1542 980 1615 είς
990 1535 1078 1624 ὑμῶς
1087 1553 1155 1617 τοῖς
1165 1536 1239 1605 άδι-

287 1644 441 1720 κηδεϊσιυ
453 1634 625 1721 ἐποιήσατε
635 1633 847 1721 καταφυγὴν,
870 1633 915 1702 δι’
927 1634 971 1722 ἣν
981 1645 1089 1716 καλῶς
1098 1645 1239 1728 ποιοῦν-Ι

286 1758 357 1819 τες,
380 1725 736 1825 ῶάνδρεαςἏδηνασοι,
761 1733 840 1814 τούς
856 1733 1073 1823 ἠδικημένους
1089 1736 1238 1816 ἅπαντας
1310 1757 1311 1760 ’

259 1829 461 1906 τσεσῶκατε.
482 1831 686 1918 πρῶτονμὲν
697 1825 760 1901 οὖν
771 1830 812 1902 δν
822 1834 995 1918 τρόπονέν
1005 1849 1072 1914 τοϊς
1083 1835 1238 1923 δημόταις

286 1933 411 2017 συνέβη
428 1928 490 2017 την
507 1931 705 2018 διαψήφισιν
714 1937 889 2020 γενέσθαι,
912 1933 1031 2020 φράσω
1041 1932 1126 2021 πρός
1136 1932 1236 2021 ὑμᾶς·

284 2028 324 2097 τό
337 2027 409 2116 ,γάρ
431 2036 476 2109 είς
496 2027 576 2098 αότδ
598 2031 635 2098 τὸ
653 2040 788 2119 πράημα
811 2032 919 2107 πάντα
936 2035 1046 2121 λέγειν
1061 2031 1152 2101 τοῦτ’
1172 2031 1236 2118 ἐγῶ

285 2126 598 2215 ὑπολαμβάνω,όσα
609 2156 657 2210 τις
668 2131 756 2217 παρὰ
767 2129 805 2200 τό
816 2131 970 2218 ψήφισμα
981 2135 1153 2200 πέπονθεν
1164 2131 1239 2202 άδί-
1342 2199 1350 2207 ,

285 2253 353 2306 κως
362 2231 658 2308 καταστασιασθεὶς
668 2233 832 2310 ἐπιδεῖξαι.

259 2342 278 2397 8
303 2347 312 2363 ‘
369 2323 577 2412 Εὐβουλίδης
593 2325 658 2412 γάρ
676 2321 789 2413 οὗτος,
812 2322 840 2395 ῶ
851 2328 971 2412 ἄνδρες
983 2328 1170 2416 Ἀθηναῖοι,
1194 2329 1238 2410 ῶς

285 2421 381 2511 ὑμῶν
392 2435 481 2492 ίσασι
494 2429 620 2510 πολλοὶ,
631 2425 844 2511 γραψάμενος
854 2423 1003 2512 ἀσεβείας
1013 2424 1076 2511 τὴν
1087 2425 1238 2513 ἀδελφὴν

284 2523 347 2610 τὴν
357 2530 624 2611 Λακεδαιμονίου
640 2521 677 2592 τδ
697 2528 846 2609 πέμπτον
862 2529 961 2610 μέρος
977 2532 1046 2592 τῶν
1062 2523 1185 2611 ψήφων
1195 2525 1237 2594 οὐ

284 2626 469 2710 μετέλαβεν.
494 2621 545 2697 ὅτι
556 2623 596 2710 δὴ
608 2627 645 2692 ἐν
656 2625 769 2712 ἐκείνω
782 2631 828 2721 τῶ
836 2620 941 2709 άγῶυι
949 2622 988 2690 τά
999 2628 1118 2707 δίκαια,
1129 2624 1236 2713 τοότφ

286 2725 322 2789 δὲ
338 2719 497 2789 τάναντία
508 2722 735 2809 ἐμαρτύρησα,
758 2720 813 2789 διά
824 2722 948 2809 ταύτην
956 2723 1018 2810 την
1029 2727 1154 2810 ἔχθραν
1164 2726 1237 2790 έπι-

283 2827 413 2888 τίθεταί
422 2847 487 2906 μοι.
508 2823 562 2890 καὶ
573 2822 757 2908 βουλεύων,
770 2814 928 2908 ῶάνδρες
937 2826 1096 2909 δικασταὶ,
1109 2824 1164 2891 καὶ
1172 2820 1236 2889 κά-

286 2935 358 3005 ριος
370 2915 417 2986 ῶν
426 2929 487 2987 τοῦ
497 2920 533 2988 δ’
546 2921 651 3007 ὅρκου
663 2923 718 2989 καὶ
728 2929 798 2989 τῶν
808 2929 1039 3010 γραμματείων
1049 2925 1081 3001 ἐξ
1096 2913 1145 2988 ῶν
1155 2917 1235 2987 άνε-

257 3019 381 3094 9κάίει
392 3019 469 3105 τοὺς
479 3020 631 3105 δημότας,
638 3027 672 3088 τί
679 3034 780 3102 ποιεῖς
792 3027 925 3108 πρῶτον
935 3019 1124 3107 μὲν,έπειδη
1134 3039 1234 3086 συνε-

285 3123 431 3204 λέγησαν
442 3122 476 3186 οί
485 3116 634 3204 δημόται,
644 3122 818 3204 κατέτριψε
828 3118 890 3206 τὴν
900 3117 1026 3206 ἡμέραν
1037 3123 1234 3205 δημηγορῶν

284 3219 341 3285 καὶ
352 3222 544 3302 ψηφίσματα
559 3217 710 3303 γράφων.
741 3228 839 3287 τοῦτο
852 3217 884 3286 δ’
895 3212 939 3305 ἦν
949 3217 1011 3285 οὐκ
1024 3214 1162 3298 άπδτοῦ
1172 3216 1235 3286 αό-

284 3317 446 3403 τομάτου,
459 3313 770 3404 άλλ’,έπιβο,υλεόωυ
780 3319 862 3404 ἐμοὶ,
875 3315 965 3396 ὅπως
975 3310 1020 3394 ῶς
1030 3313 1233 3404 όψιαίταταὴ

286 3416 478 3502 διαψήφισις
488 3412 509 3501 ἡ
520 3418 595 3502 περὶ
605 3418 686 3503 ἐμοῦ
696 3422 841 3505 γένοιτο·
857 3417 912 3484 καὶ
923 3415 1115 3500 διεπράξατο
1123 3425 1231 3485 τοῦτο.

284 3515 339 3581 καὶ
349 3515 487 3600 τῶν-μὲν
499 3517 650 3600 δημοτῶν
661 3521 694 3582 οι*
703 3515 884 3602 ὀμόσαντες
895 3515 1076 3601 ἐγενόμεθα
1083 3532 1169 3602 τρεῖς
1176 3517 1233 3583 καὶ

285 3612 510 3698 ἑβδομήκοντα
515 3664 526 3699 ,
547 3612 719 3700 ἠρξάμεθα
737 3618 773 3682 δὲ
788 3618 850 3683 τοῦ
862 3620 1114 3701 διαφηφιξεσθαι
1125 3621 1233 3699 δείλης

285 3707 398 3796 ὀψίας,
421 3710 510 3792 ῶστεΙ
526 3718 667 3801 συνέβη,
691 3710 788 3801 ἡνίκα
808 3711 936 3801 τούμόν
957 3712 1053 3802 ὄνομ’
1075 3711 1231 3796 ἐκαλεῖτο,
