3159 4409
552 497 695 559 ΚΑΤΑ
715 497 989 559 ΚΟΝΩΝΟΣ.
1179 497 1242 563 207
1309 503 1311 510 '

294 686 378 746 ρμα,
399 657 467 727 ἄλλ’
482 661 542 738 εξ
525 663 652 744 εταιρας
671 655 755 729 εἶναι
766 657 952 725 παιδιου
910 685 999 726 αυτω
1009 685 1113 728 τουτο
1118 663 1173 728 καλ
1183 685 1242 729 πε-

295 761 460 825 πονθέναι
470 783 510 823 τα
499 753 622 823 καὶ
587 782 643 841 τα,
661 754 683 821 ά
693 754 738 840 μά
750 755 832 834 τούς
843 756 962 841 θεοὺς,
980 785 1006 826 ω
995 751 1138 842 ἄνδρες
1149 765 1243 828 δικα-

295 858 382 941 σταὶ,
393 852 533 932 οὐδείς’
513 874 601 932 οστις
612 852 675 922 οῦκ
689 858 823 940 ἐπετίμα
839 864 906 922 των
923 855 1107 978 παρόντων.
1109 859 1164 924 καὶ
1174 861 1243 942 έμί-

250 962 285 1017 27
295 974 383 1058 σει,.
386 961 601 1031 τελευτωντες
617 954 653 1020 δὲ
668 955 725 1020 καί
741 946 890 1020 αύτολ
847 979 940 1022 ουτοι
950 954 1097 1033 ἑαυτούς
1131 953 1241 1042 ἐπειδὴ

295 1052 325 1120 δ’
341 1046 405 1120 οὖν
422 1048 489 1118 ποτ’
504 1049 711 1120 άπεῖπονκαλ
724 1033 1092 1138 ἐνεπλήσθησανταῦτα
1103 1061 1244 1121 ποιοῦν·

293 1175 360 1237 τες,
387 1152 632 1234 προκαλοῦνται
652 1152 705 1217 ἐπί
722 1152 912 1236 διακρούσει
926 1155 1039 1242 καὶτῷ
1052 1150 1096 1239 μὴ
1115 1172 1244 1238 σημαν-

294 1259 398 1337 θῆναι
407 1248 486 1328 ’τοῦς
496 1253 623 1335 ἐχίνους
638 1252 766 1317 ἐθέλειν
776 1253 933 1318 ἐκδοῦναι
944 1255 1018 1335 περὶ
1029 1259 1244 1337 τωυπληγων
1302 1294 1306 1305 =

294 1354 422 1433 παῖδας,
434 1346 580 1434 ὀνόματα
595 1347 790 1434 γράψαντες·
819 1353 875 1416 καὶ
890 1358 955 1417 νῦν
967 1350 1055 1436 οἶμαι
1066 1353 1140 1434 περὶ
1150 1347 1241 1417 τοῦτ’

294 1454 430 1522 ἔσεσθαι
442 1446 520 1526 τοῦς
531 1444 675 1524 πολλοῦς
686 1454 754 1533 νοῦν
766 1447 878 1532 λόγων
889 1446 1009 1526 αὐτοῖς.
1031 1447 1096 1531 ἐγώ
1108 1452 1128 1514 δ
1133 1446 1143 1503 ’.
1154 1446 1244 1533 οἶμαι

293 1550 365 1614 δεῖν
386 1547 510 1624 πάντας
526 1543 613 1629 ύμοῖς
638 1541 744 1611 έκεῖνο
766 1559 920 1629 σκοπεῖν,
942 1543 993 1612 ὅτι
1009 1537 1119 1630 οῦτοι,
1141 1551 1244 1612 εἰτοῦ

292 1650 451 1730 γενέσθαι
467 1641 529 1729 τη“ὐ
549 1642 700 1728 βάσανον
717 1643 816 1709 ἕνεκα
832 1639 1083 1729 προύκαλοῦντο
1101 1646 1156 1710 καὶ
1171 1647 1244 1709 ἐπί-

293 1763 414 1810 στευον
424 1748 470 1829 τῷ
480 1744 596 1828 δικαίφ
606 1739 732 1828 τούτω,
750 1740 812 1809 οῦκ
824 1738 868 1813 ι’ίν
883 1742 947 1829 ἤδη
957 1751 1015 1829 τῆς
1026 1747 1148 1829 διαίτης
1159 1740 1244 1810 άπο-

247 1857 284 1911 28
293 1842 506 1928 φαινομένης,
518 1840 647 1926 νυκτός,
659 1836 814 1925 ούδεμιᾶς
823 1839 1009 1911 ὑπολοίπου
1020 1844 1169 1930 σκήψεως
1182 1841 1243 1911 οῦ-

292 1963 362 2027 σης,
374 1934 641 2021 προύκαλοῦντο,
659 1936 743 2007 άλλά
754 1948 887 2025 πρῶτον
898 1941 959 2028 μὲν
969 1940 1033 2026 πρό
1048 1950 1110 2010 τοῦ
1118 1940 1180 2028 τὴν
1192 1946 1243 2010 δί-

291 2067 356 2126 κην
367 2046 540 2124 ληχθῆναι,
549 2031 634 2124 ’ἡνίκ’
647 2035 806 2107 άσίῖενῦν
816 2039 1085 2128 ἐγω-κατεκείμην
1096 2043 1166 2126 καί,
1179 2039 1242 2108 οῦκ

292 2137 388 2216 είδώς
399 2144 429 2204 εί
443 2136 698 2223 περιφεύξομαι,
718 2139 802 2223 πρὸς
820 2138 968 2217 ἅπαντας
983 2138 1062 2216 τοῦς
1081 2139 1242 2216 εἰσιόντας

288 2244 414 2306 ’τοῦτον
442 2234 629 2321 άπέφαιυον
657 2236 717 2303 τὸν
744 2245 878 2321 πρῶτον
904 2238 1092 2316 πατάξαντα
1119 2239 1175 2304 καί
1201 2235 1240 2304 τά

288 2335 420 2406 ’πλεῖσθ’
433 2327 481 2402 οἷν
493 2332 658 2421 ὑβρίσμην
671 2340 968 2420 διαπεπραγμένον,
984 2331 1046 2401 τότ’
1061 2329 1105 2400 άυ
1115 2331 1242 2410 εὐθέως

292 2429 374 2522 ἧκεν
391 2439 475 2519 ἔχων
493 2433 663 2517 μάρτυρας
681 2432 825 2510 πολλούς
837 2435 888 2500 ἐπὶ
903 2432 967 2553 την
978 2438 1100 2514 οἰκίαν,
1123 2428 1187 2498 τότ’
1200 2425 1243 2495 άν

292 2533 371 2613 τοὺς
387 2539 515 2610 οἰκέτας
530 2535 710 2616 παρεδίδου
726 2532 782 2597 καλ
798 2556 867 2597 των
882 2533 924 2610 ἐξ
933 2527 1060 2614 Ἀρείου
1071 2528 1182 2612 πάγου
1193 2554 1242 2594 τι-

292 2632 353 2712 νάς
364 2632 561 2716 παρεκάλει
577 2636 608 2697 εί
621 2629 685 2715 γάρ
697 2628 894 2714 ἀπέθανον,
908 2625 981 2712 παρ’
995 2631 1130 2705 ἐκείνοις
1146 2654 1190 2693 αν
1199 2629 1319 2711 ηυ1266

248 2731 312 2820 29η
325 2737 406 2817 δίκη.
442 2728 550 2798 είδ”’
528 2727 576 2813 αρ’
590 2729 735 2815 ἠγνόησε
752 2736 855 2796 ταῦτα
871 2730 1040 2796 καὶτοῦτο
1058 2753 1095 2794 το
1085 2723 1242 2793 δίκαιον

291 2837 393 2917 ἔχων,
417 2826 459 2906 ὡς
479 2836 544 2896 νῦν
567 2826 683 2914 φησει,
707 2824 749 2894 οῦ
769 2827 1039 2912 παρεσκευάσατο
1054 2822 1139 2907 οπερ
1150 2830 1242 2908 τηλι

292 2929 418 2997 κούτον
431 2928 609 3012 κινδύνου,
631 2925 787 3012 ἐπειδη’
757 2953 779 3011 γ
799 2925 986 3012 άνεστηκιδς
1001 2924 1065 3012 ηδη
1075 2943 1241 3010 προσεκα-

292 3026 440 3112 λεσάμην
450 3025 569 3111 αὐτόν,
590 3030 627 3093 ἐν
637 3034 678 3113 τῇ
689 3025 803 3113 πριότη
820 3025 952 3114 συνόδῳ
965 3024 1047 3108 πρός
1056 3029 1102 3109 τῷ
1114 3027 1241 3105 διαιτη-

292 3135 334 3214 τῇ
345 3124 548 3211 παραδιδούς
559 3124 698 3210 ἐφαίνετ’
711 3122 772 3191 άυ·Ἰ
787 3117 843 3191 οἷν
854 3121 955 3192 οὐδὲν
966 3126 1150 3205 πέπρακται
1160 3119 1240 3187 τού-

291 3253 347 3314 τφ.
377 3223 427 3292 ὅτι
444 3222 475 3291 δ’
489 3222 602 3309 άληδῆ
617 3217 707 3307 λέγω
717 3225 772 3290 καί
783 3220 1005 3309 διακρούσεως
1015 3220 1111 3285 ἕνεκα
1122 3215 1143 3304 ἡ
1156 3216 1240 3303 πρό-

292 3315 478 3409 κλησιςῆν,
501 3325 574 3407 λέγε
590 3320 717 3407 ταύτην
731 3320 793 3407 τὴν
809 3326 1007 3406 μαρτυρίαν·
1029 3323 1119 3385 ἔσται
1129 3317 1192 3406 γάρ
1203 3321 1239 3385 ἐκ

292 3423 412 3508 ταύτης
423 3419 583 3508 φανερόν.

645 3525 886 3586 ΜΑΡΤΥΡΙΑ.

248 3635 293 3696 30γ
376 3623 459 3706 Περὶ
476 3620 538 3705 μὲν
555 3624 670 3686 τοίνυν
685 3624 743 3702 τῆς
764 3613 914 3701 βασάνου
935 3621 1037 3682 ταῦτα
1057 3617 1237 3700 μέμνησθε,

290 3715 352 3803 τὴν
365 3715 455 3806 ὥραν
464 3716 563 3805 ἡνίκα
574 3716 807 3806 προύκαλεῖτο,
820 3707 869 3784 όν
879 3713 959 3784 ἕνεκ’
971 3714 1139 3802 ἐκκρούων
1149 3707 1237 3778 ταῦτ’
