3159 4409
303 484 343 548 ιε
510 490 588 547 xm.
609 484 1050 562 [AHMomzvom]

304 652 386 734 ἐμοῦ
397 653 610 733 καταστῆσαι·
634 643 688 713 διδ
699 653 797 711 τοῦτο
804 644 868 728 γάρ
879 648 914 712 οί
918 645 1019 731 ’νόμοι
1029 644 1106 713 καθ’
1113 647 1255 716 ἕκαστον

305 753 375 825 ἔτος
393 753 526 813 ποιοῦσι
542 745 600 824 τάς
616 744 816 829 ἀντιδόσεις,
839 742 891 811 ὅτι
911 743 948 812 τό
970 749 1154 831 διευτυχεῖν
1171 769 1254 814 συν-

305 853 385 931 εχῶς
395 854 437 932 τη”
446 843 544 934 οῦσίρι
557 843 600 912 οῦ
610 852 747 965 πολλοῖς
755 852 824 910 τῶν
834 851 980 911 πολιτῦν
990 848 1155 930 διαμένειν
1166 855 1255 912 εἴθι-

304 964 386 1011 σται.
417 941 486 1025 ἐξ’
468 969 570 1031 αρχης
586 940 652 1010 δ
633 957 713 1028 υμῖν
724 940 857 1009 ἅπαντα
871 938 912 1008 τὰ
931 941 1094 1026 γενόμενα
1105 944 1179 1027 περὶ
1191 943 1253 1028 την

304 1039 474 1150 ἀντίδοσιν
489 1042 692 1126 διηγήσομαι.
1261 1109 1265 1114 ,

279 1159 345 1208 5
391 1145 460 1206 Τοῦ
475 1136 540 1224 γάρ
556 1146 826 1264 μεταγειτνιῶνος
842 1137 962 1224 μηνὸς,
984 1164 1009 1205 ω
998 1131 1148 1222 ἄνδρες
1159 1144 1253 1206 δικα-

302 1241 374 1306 σταὶ
375 1247 446 1326 ,τῆ
464 1240 628 1326 δευτερα
614 1240 791 1324 ισταμενοο
808 1241 990 1309 ἐποίουνοί
975 1239 1174 1323 στρατηγοὶ
1184 1252 1253 1316 τοις

302 1335 548 1422 τριακοσίοις
512 1362 569 1415 τας
580 1334 773 1415 ἀντιδόσεις·
807 1339 844 1403 ἐν
860 1337 994 1415 ταύταις
1011 1336 1151 1405 ἐκάλεσα
1168 1335 1251 1404 κατά

301 1433 361 1503 τόν
372 1435 479 1520 νόμον
490 1442 681 1504 Φαίνιππον
691 1441 833 1503 τουτονί.
866 1443 1007 1514 καλέσας
1018 1436 1054 1503 δέ
1070 1438 1125 1504 καλ
1143 1460 1258 1521 παρα-Ι

302 1534 415 1621 λαβὼν
426 1542 495 1601 τῶν
512 1540 643 1604 οἰκείων
660 1534 752 1613 τινάς
769 1537 824 1602 καὶ
841 1541 949 1619 φίλων
960 1535 1167 1622 ἐπορευόμην
1177 1534 1251 1602 Κό-

300 1632 450 1719 θηρόνδε
462 1639 507 1711 είς
517 1631 580 1720 την
591 1632 742 1719 ἐσχατιάν
758 1631 873 1702 αὐτοῦ.
907 1637 961 1702 καί
978 1635 1180 1721 πρῶτονμὲν
1190 1657 1251 1700 πε-

266 1767 270 1774 .
303 1728 471 1817 ριαγαγών
483 1732 544 1818 την
554 1731 826 1818 ἐσχατιάν-πλέον
836 1728 857 1818 ἢ
868 1739 1010 1803 σταδίων
1022 1727 1129 1803 οὖσαν
1138 1759 1251 1800 τεττα-

303 1831 447 1914 ράκοντα
469 1831 583 1921 κύκλῳ
605 1836 710 1911 ἔδειξα
731 1833 786 1898 καὶ
808 1832 1075 1918 διεμαρτυράμην
1097 1835 1251 1898 ἐναντίον
1295 1872 1302 1894 τ

237 1920 240 1924 ’
266 1990 274 1997 .
303 1935 494 1997 Φαινίππου
510 1926 562 1996 ὅτι
579 1927 688 2008 οὐδεὶς
703 1928 787 2015 ὅρος
797 1935 927 1997 ἔπεστιν
939 1933 989 1998 ἐπὶ
1000 1938 1039 2018 τῇ
1050 1932 1197 2017 ἐσχατιᾷ·
1222 1936 1253 1996 εί

301 2030 340 2095 δέ
349 2047 468 2113 φησιν,
489 2033 592 2095 εἰπεῖν
603 2032 755 2096 ἐκέλευον
766 2025 871 2096 αὐτὸν
880 2026 943 2113 ἤδη
955 2029 1008 2094 καὶ
1020 2031 1138 2108 δείξαι,
1159 2026 1250 2104 ὅπως

276 2139 280 2145 ’
300 2126 344 2213 μη
363 2125 505 2211 ὕστερον
516 2130 664 2196 ἐνταῦθα
684 2129 786 2212 χρέως
806 2125 988 2211 γενόμενον
1003 2127 1054 2194 ἐπὶ
1077 2132 1123 2213 τῷ
1140 2131 1262 2214 χωρίῳ,

275 2224 555 2313 θάναφανήσεται.
589 2230 699 2293 ἔπειτα
716 2224 998 2311 παρεσημηνάμην
1019 2222 1059 2291 τὰ
1075 2224 1248 2310 οἰκήματα,

300 2328 355 2393 καὶ
366 2334 487 2393 τοῦτον
498 2328 652 2392 ἐκέλευον
662 2329 708 2402 είς
719 2320 805 2409 τάμά
817 2327 968 2410 βαδίζειν.
1004 2319 1085 2408 μετὰ
1097 2322 1248 2390 δὲταῦτα

299 2423 429 2511 ἠρόμην
451 2422 566 2494 όπονὸ
580 2435 667 2501 σῖτος
678 2419 755 2508 εἴη’
739 2450 757 2491 ο
768 2421 1010 2508 άπηλοημένος·
1028 2413 1115 2506 ησαν
1127 2416 1192 2504 γάρ
1204 2446 1246 2504 νη

300 2521 379 2602 τοῦς
390 2521 494 2602 θεοὺς
505 2519 605 2590 καὶ
569 2546 628 2600 τας
639 2520 731 2607 θεάς,
745 2549 770 2588 ω
759 2515 903 2645 άνδρες
915 2521 1073 2602 δικασταὶ,
1086 2519 1147 2585 δάο
1159 2517 1248 2596 άλως

300 2620 437 2704 αὐτόθι,
461 2627 582 2707 μικροῦ
603 2623 787 2703 πλέθρον
771 2623 917 2706 εκατέρα.
950 2646 968 2687 ο
958 2617 1066 2686 δε
1045 2617 1246 2701 απεκρίνατό

299 2745 355 2806 μοι
371 2720 427 2789 ὅτι
440 2717 457 2789 ὁ
472 2721 535 2805 μὲν
556 2723 763 2805 πεπραμένος
784 2725 834 2804 είη
851 2725 912 2784 τοῦ
928 2724 1037 2801 σίτου,
1058 2743 1076 2783 ο
1066 2711 1129 2782 δ’
1142 2719 1248 2782 ἔνδον

242 2813 521 2904 τάποκείμενος
543 2816 714 2902 τίλοςδ’,“
700 2843 755 2884 ινα
765 2843 809 2903 μη
798 2815 1034 2939 μακρρλογῦ,
1041 2812 1247 2898 καταστήσας

300 2916 479 3002 φυλάττειν
489 2920 588 2984 ἐνδον
599 2913 709 3035 τινρὶς,
718 2918 776 2984 και
786 2943 828 3001 νη
817 2913 897 2983 Δί’
910 2939 1061 2982 απειπων
1071 2939 1125 2979 και
1114 2911 1247 2980 κωλῦ-

299 3011 611 3101 σαςτοῦςόνηλάτας
621 3040 664 3100 μη
654 3011 851 3098 ἐξάγειν
818 3042 877 3101 την
888 3012 974 3100 ῦλην
985 3015 1020 3080 ἐκ
1031 3037 1089 3097 της
1098 3013 1247 3096 ἐσχατιάς

298 3110 396 3200 (πρὸς
407 3114 471 3198 γάρ
483 3121 524 3202 τῇ
534 3112 618 3200 άλλη
629 3111 727 3201 οῦσίηι
739 3119 778 3200 τῇ
791 3118 999 3195 Φαινίππου,
1018 3102 1045 3176 οἷ
1063 3107 1182 3192 ἄνδρες
1195 3112 1246 3175 δι·
1255 3130 1305 3184 104

296 3213 422 3296 κοσταὶ,
435 3213 490 3279 καὶ
500 3211 583 3298 αῦτη
594 3212 759 3295 πρόσοδος
770 3211 893 3298 μεγάλη
905 3212 994 3278 ἐστὶν
1004 3207 1108 3298 αὐτῷ·
1127 3211 1161 3288 ἐξ
1171 3205 1247 3275 όνοι

297 3307 336 3376 δι’
350 3312 504 3377 ἐνιαυτοῦ
514 3306 741 3397 ῦλαγωγοῦσι,
760 3311 815 3378 καὶ
831 3307 992 3395 λαμβάνει
1003 3299 1101 3384 οὗτος
1112 3301 1245 3391 πλέονῆ

297 3407 424 3476 δώδεκα
437 3409 581 3496 δραχμάς
592 3418 650 3497 της
658 3408 795 3498 ἡμέρας)
808 3409 937 3485 τούτοις
948 3402 1112 3489 άπειπῦν,
1133 3401 1245 3486 ὥσπερ

296 3510 442 3593 λέγω,
402 3535 460 3594 της
470 3506 552 3594 ῦλης
563 3535 607 3594 μη
596 3507 796 3591 άπτεσθαι,
814 3532 869 3573 και
858 3506 1073 3589 ἐπαγγείλας
1082 3503 1135 3570 ἐπὶ
1145 3499 1225 3567 τάίε
1225 3539 1246 3553 -

265 3631 337 3689 ρα
326 3604 524 3694 Φαινίππῳ
535 3608 617 3675 κατά
629 3605 690 3674 τὰν
700 3607 808 3692 νόμον
817 3603 978 3688 ἀπαντᾶν,
991 3598 1124 3692 ᾠχόμην
1134 3597 1245 3667 άπιων

269 3701 443 3783 δελςάστυ.
471 3711 607 3792 πρῶτον
617 3696 732 3789 μὲν
689 3729 753 3773 ουν
770 3709 839 3773 νῦν
856 3705 1039 3789 είρημενων
1048 3726 1106 3779 τας
1116 3723 1244 3786 μαρτν
