3159 4409
518 485 662 558 KAT'A
696 492 1011 557 οεοΚΡεΝον.
1138 569 1142 581 ,
1177 497 1239 563 κοσ

288 661 348 726 τὸν
365 654 408 736 ὡς
424 654 466 724 ού
485 653 693 725 παντάπασιν
705 650 844 721 ἀνόσιον
854 651 951 735 ὄντα,
972 660 1241 745 προσκαλεσάμε-

289 783 348 835 νος
366 753 426 823 τὸν
436 754 653 823 Πολύευκτον
663 750 824 838 ἀποφέρει
833 750 1051 839 γραφην.κατ’
1064 753 1169 824 αὐτοῦ
1179 785 1241 826 κα-

289 853 422 933 κώσεως
439 851 524 938 πρὸς
540 854 599 921 τόν
615 851 758 939 ἄρχοντα
773 853 831 919 καλ
845 854 960 919 δίδωσι
975 851 1061 939 πρός
1076 852 1138 940 τὴν
1147 863 1241 941 λῆξιν

288 956 511 1040 Μνησαρχίδῃ
527 959 575 1041 τηδ
581 955 761 1039 παρέδρῳ·
781 947 897 1036 λαβάν
918 951 954 1019 δὲ
974 949 1034 1030 τὰς
1053 960 1241 1035 τριακοσίας

290 1050 436 1138 δραχμάς
452 1048 542 1138 παρά
560 1057 622 1118 τοῦ
638 1048 872 1132 Πολυεύκτου,
893 1050 948 1116 καί
967 1045 1007 1116 τά
1031 1048 1237 1123 δεινάταῦί

289 1147 496 1236 ἀποδόμενος
513 1157 636 1237 μικροῦ
651 1148 819 1236 λήμματος
834 1142 889 1231 ἐφ’
904 1141 953 1226 οἷς
963 1154 1011 1236 τῷ
1020 1150 1118 1234 πατρλ
1129 1149 1241 1236 ἐτιμή-

290 1270 370 1316 σατο
384 1252 463 1316 δέκα
474 1250 663 1332 ταλάντων,
681 1245 855 1333 ἀπηλλάγη
869 1248 924 1314 καὶ
932 1244 994 1332 τὴν
1004 1245 1140 1334 γραφὴν
1150 1246 1241 1317 ἀνεί-

289 1355 363 1415 λετο
375 1345 522 1432 προδούς
531 1348 591 1415 τόν
601 1344 763 1434 ὀρφανόν.
785 1349 845 1413 καί
852 1370 908 1429 μοι
920 1345 1013 1413 κάλει
1022 1345 1152 1414 τούτων
1163 1345 1241 1426 τούς

290 1445 467 1532 admoves.
572 1465 574 1469 ’

335 1590 342 1596 -
638 1550 891 1611 ΜΑΡΤῬΡΕΣ.

244 1667 281 1723 33
374 1649 418 1710 Ec
426 1650 542 1711 τοίνυν
552 1640 695 1727 εὔπορος
705 1634 905 1727 ἦνὸπατηρ,
918 1633 1072 1727 άάνδρες
1081 1646 1240 1721 δικασταὶ,

290 1744 346 1808 καλ
364 1738 506 1819 δυνατός
523 1746 657 1826 πορίσαι
673 1747 777 1825 χιλίας
794 1737 955 1824 δραχμάς,
978 1737 1063 1819 ὅλως
1080 1739 1124 1807 ἀν
1133 1739 1241 1828 ἀπηλ-

290 1839 375 1924 λάγη
391 1847 449 1925 τῆς
464 1847 595 1925 γραφῆς
610 1846 669 1925 τῆς
685 1863 755 1906 τιιν
764 1837 982 1923 παρανόμων·
1004 1849 1165 1909 τοσοῦτον
1175 1842 1239 1926 γάρ

289 1934 610 2026 αύτόνῇτειούτοσί.
636 1942 695 2007 καί
702 1963 758 2023 μοι
768 1937 863 2005 κάλει
874 1943 1074 2024 Φιλιππίδην
1083 1937 1144 2007 τόν
1153 1947 1241 2007 Παι-

290 2037 394 2120 ανιέα,
407 2033 490 2120 πρός
499 2033 541 2113 δν
552 2043 642 2122 ἔλεγε
652 2042 757 2104 ταῦτα
768 2042 950 2123 Θεοκρίνης
961 2034 1084 2124 οὑτοσὶ,
1096 2040 1151 2108 καλ
1161 2039 1240 2118 τούς

245 2149 248 2155 ’
289 2130 410 2217 ἀλλους
420 2139 454 2201 οἳ
462 2139 618 2202 συνίσασι
627 2132 735 2224 τούτῳ
746 2143 849 2203 ταῦτα
862 2138 997 2220 λέγοντι.

637 2240 888 2301 ΜΑΡΤΤΡΕΣ.

242 2352 279 2408 34
363 2330 433 2400 Ὅτι
445 2332 506 2417 μὲν
516 2337 648 2417 τοίνυν,
662 2323 689 2398 ἀ
701 2330 820 2412 ἀνδρες
832 2335 996 2416 δικασταὶ,
1009 2340 1198 2419 Θεοκρίνης,
1210 2345 1243 2402 εί

286 2457 336 2509 τις
352 2427 444 2519 αὐτῷ
460 2425 519 2506 τάς
534 2434 637 2513 χιλίοις
655 2425 802 2513 δραχμάς
819 2431 947 2513 ἐδίδου,
968 2428 1030 2513 τὴν
1046 2430 1180 2515 γραφὴν
1196 2427 1240 2499 ἀν

287 2527 434 2597 ἀνείλετο
452 2526 515 2614 τὴν
530 2525 614 2595 καπά
631 2523 842 2610 τοῦπατρὸς,
866 2523 1008 2611 ἡγοῦμαι
1018 2525 1144 2605 πάντας
1154 2525 1240 2614 ὑμᾶς
1249 2536 1315 2590 1333

287 2626 469 2714 πιστεύειν,
494 2628 549 2695 καὶ
568 2632 599 2695 εί
612 2626 725 2712 μηδείς
742 2624 975 2711 ἐμαρτύρησεν.
1009 2623 1240 2707 ὅτιδὲπολλάς
1303 2642 1308 2664 ·

286 2729 399 2812 ἑτέρας
418 2723 728 2811 προσκαλεσάμενος
745 2725 802 2792 καὶ
823 2723 1034 2811 γραψάμενος
1053 2735 1239 2811 καθυφεῖκε

286 2827 343 2892 καὶ
359 2825 478 2911 μικρόν
499 2823 662 2910 ἀργύριον
683 2822 866 2909 λαμβάνων
886 2821 1139 2911 ἀπαλλάττεται,
1161 2822 1240 2903 τούς

287 2922 408 3001 δόντας
423 2920 504 3008 ὑμῖν
514 2920 637 3002 αὐτούς
647 2929 739 2990 καλά
746 2971 755 3004 ,
777 2925 833 2988 ἵνα
845 2921 888 3008 μή
901 2923 1072 3009 πιστεύητε
1084 2921 1174 3012 αὐτῷ
1184 2924 1239 2990 λε’-

285 3046 381 3105 γοντι
399 3017 444 3098 ὡς
460 3019 561 3100 αὐτὸς
581 3021 739 3107 φυλάττει
755 3019 835 3101 τούς
851 3022 1027 3109 παράνομα
1037 3025 1238 3110 γράφοντας,

286 3122 343 3188 καὶ
355 3116 416 3204 ὡς,
436 3117 519 3187 ὅταν
529 3124 565 3188 αί
574 3127 641 3187 τῶν
652 3121 858 3207 παρανόμων
867 3124 993 3208 γραφαί
1003 3119 1237 3206 ἀναιρεθῶσιν,

286 3216 305 3286 ό
323 3223 427 3306 δῆμος
442 3218 652 3288 καταλύεται·
674 3229 778 3288 ταῦτα
794 3220 859 3307 γὰρ
876 3225 910 3288 οί
925 3221 1033 3288 πάντα
1051 3227 1238 3298 πωλοῦντες

239 3336 276 3390 35
285 3321 394 3404 λέγειν
411 3320 592 3404 εἰθισμένοι
609 3324 700 3387 είσίν.
735 3319 828 3388 κάλει
847 3345 903 3405 μοι
910 3317 1143 3405 Ἀριστόμαχον
1152 3327 1238 3406 Κρι-

285 3416 434 3503 τοδήμου
441 3415 683 3504 Ἀλωπεκῆθεν.
705 3410 803 3497 οὗτος
814 3416 879 3503 γάρ
891 3423 1009 3504 ἔδωκε,
1024 3426 1150 3505 μᾶλλον
1161 3417 1188 3487 δ
1200 3423 1237 3488 ἐν

284 3522 324 3603 τῇ
340 3516 462 3584 τούτου
480 3521 566 3605 οίκίηι
582 3517 687 3604 ἐδόθη
703 3515 766 3603 τρί’
783 3515 944 3602 ἡμίμναια
960 3517 1066 3608 τούτφ
1083 3528 1130 3608 τῷ
1147 3515 1237 3585 ἀδω-

285 3616 455 3704 ροδοκήτφ
473 3613 560 3700 ὑπὲρ
571 3623 635 3686 τοῦ
651 3623 861 3704 ψηφίσματος
871 3612 891 3682 ό
902 3612 1104 3702 Αὐτομέδων
1114 3623 1236 3700 ἔγραψε

284 3727 352 3792 τοίς
366 3718 538 3794 Τενεδίοις.
