3159 4409
311 510 374 575 254
524 514 602 571 LVII.
635 495 1050 571 ΔΗΜΟΣΘΕΝΟΤΣ

311 679 482 760 γεννῆται,
505 669 565 740 εἷθ’
578 667 627 750 οἷς
636 669 713 758 ἠρία
722 666 843 754 ταύτά,
866 665 928 737 εἶδ’
942 668 1123 755 οίρδημόται
1134 668 1260 736 πολλά-

310 798 360 850 κις
372 767 475 839 αὐτόν
485 770 723 856 δεδοκιμάσθαι
734 770 788 836 καὶ
800 767 900 854 ἀρχάς
912 767 1007 854 ἄρξαι
1020 773 1075 837 καὶ
1086 766 1181 837 αύτοὶ
1192 775 1260 837 διε-

266 869 269 881 '
310 875 516 957 δηφισμένοι,
521 877 705 956 φαίνονται.
726 866 765 934 τά
778 867 839 954 μὲν
849 874 965 936 τοίνυν
975 870 1049 954 περὶ
1062 875 1125 935 τοῦ
1136 866 1259 956 πατρός
1269 896 1301 950 135

312 979 381 1048 πως
395 967 439 1037 ἀν
450 961 779 1055 ύμίνδικαιότερονῆ
800 965 1258 1052 καδαρότερονέπιδείξαιμις

269 1076 402 1152 ςςκαλολ
419 1065 449 1134 δ’
463 1064 542 1154 ύμίν
557 1065 637 1144 τούς
654 1071 811 1150 οἰκείους,
834 1071 865 1133 εί
881 1065 1054 1151 βούλεσθε.
1086 1064 1127 1134 τά
1138 1067 1175 1134 δὲ
1186 1068 1260 1152 περὶ

311 1174 368 1252 τῆς
382 1165 504 1252 μητρός
520 1165 692 1233 ἀκούσατε.
724 1165 795 1250 ἐμοὶ
811 1162 875 1249 γάρ
893 1166 959 1232 ἐστι
972 1164 1079 1252 μήτηρ
1091 1167 1258 1251 Νικαρέτη

310 1263 551 1351 Δαμοστράτου
560 1263 713 1349 θυγάτηρ
724 1265 908 1341 Μελιτέως·
931 1262 1051 1349 ταύτης
1061 1269 1147 1342 τίνες
1158 1268 1260 1330 οίκεῑ-
1291 1277 1293 1280 ’

311 1390 343 1430 οι
355 1369 577 1450 μαρτυροῦσις
599 1369 731 1446 πρῶτον
747 1362 808 1447 μὲν
824 1359 1006 1447 ἀδελφιδοῦ
1024 1360 1087 1428 δύο
1098 1363 1182 1444 υίοὶ,
1204 1359 1256 1428 εἶτ’

311 1459 440 1544 ἀνεψιοὶ
451 1458 562 1548 αύτῆς,
572 1459 636 1528 εἶδ’
653 1464 687 1528 οί
694 1460 922 1547 Πρωτομάχου
933 1461 1085 1539 υίείςτοῦ
1097 1461 1259 1547 λαβόντος

309 1561 371 1646 τὴν
388 1558 471 1647 ἐμὴν
490 1564 612 1648 μητέρα
632 1560 813 1646 πρότερον,
836 1555 896 1627 εἶδ’
916 1556 934 1627 ό
952 1558 1013 1646 τὴν
1029 1558 1181 1647 ἀδελφὴν
1196 1559 1258 1646 τὴν

310 1657 393 1744 ἐμὴν
406 1658 468 1746 την
485 1663 521 1728 ἐκ
538 1667 600 1727 τού
609 1657 836 1746 Πρωτομάχου
852 1656 958 1747 γήμας
968 1657 1114 1738 Εὔνικος
1124 1667 1258 1742 Χολαρ-

236 1830 239 1835 ,
267 1754 397 1843 θρμεύς,
411 1754 470 1824 εἷθ’
485 1755 557 1836 υίός
573 1766 630 1844 τῆς
646 1755 799 1844 ἀδελφῆς.
823 1754 908 1825 ἀλλά
932 1757 1000 1845 μὴν
1020 1760 1076 1825 καὶ
1096 1756 1258 1845 φράτερες

309 1863 376 1923 τοῖν
387 1860 517 1922 οἰκείων
528 1853 630 1942 αὐτῆς
640 1858 695 1924 καὶ
707 1857 846 1944 δημόται
856 1864 959 1925 ταῦτα
977 1858 1256 1945 μεμαρτυρήκασι.

308 1960 397 2032 τίνος
412 1946 475 2020 ούν
486 1949 773 2039 ἀνπροσδέοισθε;
790 1958 845 2023 καὶ
863 1953 927 2041 γάρ
945 1954 996 2024 ότι
1014 1954 1096 2025 κατά
1106 1953 1188 2035 τούς
1198 1955 1258 2025 νό-

312 2048 421 2140 μουςό
436 2051 541 2139 πατὴρ
554 2059 650 2140 ἔγημε
661 2057 715 2123 καὶ
726 2054 891 2141 γαμηλίαν
906 2069 975 2135 τοῖς
992 2054 1175 2142 φράτερσιν
1191 2063 1222 2126 εί
1239 2095 1258 2108 -

309 2152 429 2238 ηνεγκε
446 2152 698 2241 μεμαρτύρηται.
738 2152 822 2240 πρός
839 2157 875 2223 δὲ
895 2154 1025 2235 τούτοις
1043 2159 1097 2225 καὶ
1114 2155 1260 2243 ἐμαυτόν

310 2253 455 2333 ἐπέδειξα
479 2253 612 2321 πάντων
632 2254 850 2341 μετειληφότα
877 2253 968 2327 όσων
994 2256 1153 2342 προσήκει
1180 2253 1257 2333 τούς

310 2353 516 2439 ἐλευθέρους.
552 2350 634 2420 ύστε
647 2361 795 2445 πανταχῆ
806 2358 939 2434 δικαίως
949 2356 1005 2422 καὶ
1021 2354 1256 2443 προσηκόντως

267 2473 301 2528 70
310 2448 388 2538 ἡμίν
399 2447 442 2519 ἀν
453 2456 677 2539 προσθέμενοι
687 2451 750 2547 τὴν
765 2461 882 2540 ψῆφον
893 2453 1091 2540 εὐορκοίητε.
1126 2458 1172 2520 ἔτι
1190 2459 1257 2520 τοί-

310 2577 384 2638 νυν,
397 2543 425 2617 ύ
436 2551 556 2638 ἀνδρες
568 2554 733 2636 δικασταὶ,
749 2552 829 2631 τούς
840 2556 936 2619 ἐννέα
947 2551 1108 2639 ἀρχοντας
1119 2550 1257 2635 ἀνακρί·

310 2675 382 2717 νετε
400 2656 430 2718 εί
445 2654 563 2734 γονέας
578 2644 618 2718 εύ
635 2658 801 2718 ποιοῦσιν.
840 2651 903 2736 ἐμω
924 2655 959 2718 δὲ
975 2660 1037 2718 τού
1053 2651 1114 2737 μὲν
1131 2647 1257 2735 πατρός

310 2748 458 2837 ὀρφανός
468 2755 707 2835 κατελείφθην,
719 2749 780 2837 τὴν
791 2751 827 2818 δὲ
837 2749 946 2837 μητέρ’
959 2750 1093 2818 ἱκετεύω
1103 2746 1190 2834 ὑμᾶς
1203 2749 1257 2816 καὶ

309 2847 471 2936 ἀντιβολῶ
492 2849 546 2915 διά
564 2857 684 2918 τούτου
700 2848 760 2918 τόν
776 2849 890 2936 ἀγῶνα
907 2848 1050 2917 ἀπόδοτέ
1070 2874 1126 2933 μοι
1148 2849 1258 2928 θάψαι

310 2955 354 3027 είς
375 2946 414 3015 τά
435 2956 570 3038 πατρῷα
591 2950 744 3037 μνήματα
764 2952 820 3019 καὶ
839 2949 884 3037 μή
902 2975 942 3035 με
964 2948 1151 3033 κωλύσητε,
1175 2947 1258 3033 μηδὲ

308 3047 428 3115 ἀπολιν
440 3049 613 3134 ποιήσητε,
627 3049 712 3136 μηδὲ
723 3057 791 3117 τείν
803 3057 934 3119 οἰκείων
944 3046 1190 3134 ἀποστερήσητε
1201 3073 1258 3115 το-

308 3147 437 3221 σούτων
448 3147 556 3218 όντων
566 3147 603 3218 τό
617 3159 755 3237 πλῆθος,
768 3153 822 3218 καὶ
831 3149 915 3228 ὅλως
926 3146 1113 3233 ἀπολέσητε.
1137 3145 1260 3230 πρότε-

309 3273 369 3332 ρον
379 3247 444 3334 γάρ
455 3245 477 3336 ἢ
489 3257 678 3334 προλείπειν
687 3248 842 3336 τούτους,
863 3249 952 3337 εἰμὴ
971 3244 1116 3315 δυνατόν
1127 3242 1260 3312 ὑπ’-αύ-

307 3352 374 3411 τῶν
385 3358 433 3434 είη
445 3359 613 3436 σωθῆναι,
625 3347 845 3435 ἀποκτείναιμ’
858 3345 902 3417 ἀν
914 3344 1072 3434 ἐμαυτόν,
1085 3341 1159 3441 ὥστ’
1172 3347 1209 3412 ἐν
1219 3350 1259 3434 τῇ

308 3451 438 3529 πατρίδι
448 3473 485 3531 γε
496 3445 561 3516 ὑπό
573 3448 701 3516 τούτων
711 3457 863 3536 ταφῆναι.

627 3713 933 3724 -.—.....--—.-.—.
