<?xml version="1.0" encoding="UTF-8"?>
<!DOCTYPE html PUBLIC "-//W3C//DTD XHTML 1.0 Transitional//EN"
    "http://www.w3.org/TR/xhtml1/DTD/xhtml1-transitional.dtd">
<html xmlns="http://www.w3.org/1999/xhtml" xml:lang="en" lang="en">
 <head>
  <title>
</title>
<meta http-equiv="Content-Type" content="text/html;charset=utf-8" />
  <meta name='ocr-system' content='tesseract 3.04.00' />
  <meta name='ocr-capabilities' content='ocr_page ocr_carea ocr_par ocr_line ocrx_word'/>
</head>
<body>
  <div class='ocr_page' id='page_1' title='image "./orationesexrece02demogoog_0151.png"; bbox 0 0 3159 4409; ppageno 0'>
   <div class='ocr_carea' id='block_1_1' title="bbox 511 484 1251 571">
    <p class='ocr_par' dir='ltr' id='par_1_1' title="bbox 511 484 1251 571">
     <span class='ocr_line' id='line_1_1' title="bbox 511 484 1251 571; baseline 0.02 -29"><span class='ocrx_word' id='word_1_1' title='bbox 511 535 513 539; x_wconf 10' lang='grc' dir='ltr'><em>Α</em></span> <span class='ocrx_word' id='word_1_2' title='bbox 546 484 688 568; x_wconf 74' lang='grc' dir='ltr'><em>ΠΡΟΣ</em></span> <span class='ocrx_word' id='word_1_3' title='bbox 714 484 1005 571; x_wconf 75' lang='grc' dir='ltr'><strong><em>Τεαοοαοα.</em></strong></span> <span class='ocrx_word' id='word_1_4' title='bbox 1174 490 1251 557; x_wconf 51' lang='lat'><strong><em>1147</em></strong></span> 
     </span>
    </p>
   </div>
   <div class='ocr_carea' id='block_1_2' title="bbox 255 639 1345 1813">
    <p class='ocr_par' dir='ltr' id='par_1_2' title="bbox 255 639 1345 1813">
     <span class='ocr_line' id='line_1_2' title="bbox 301 639 1251 730; baseline 0.012 -19"><span class='ocrx_word' id='word_1_5' title='bbox 301 669 368 712; x_wconf 88' lang='grc' dir='ltr'><strong><em>νυν</em></strong></span> <span class='ocrx_word' id='word_1_6' title='bbox 380 639 520 721; x_wconf 85' lang='grc' dir='ltr'><strong><em>οῦδενδς</em></strong></span> <span class='ocrx_word' id='word_1_7' title='bbox 532 649 612 728; x_wconf 81' lang='grc' dir='ltr'><strong><em>ἔχεις</em></strong></span> <span class='ocrx_word' id='word_1_8' title='bbox 623 647 850 730; x_wconf 77' lang='grc' dir='ltr'><strong><em>παρασχέσθαι</em></strong></span> <span class='ocrx_word' id='word_1_9' title='bbox 860 653 928 713; x_wconf 79' lang='grc' dir='ltr'><strong><em>νῦν</em></strong></span> <span class='ocrx_word' id='word_1_10' title='bbox 938 653 1068 716; x_wconf 84' lang='grc' dir='ltr'><strong><em>οίκείων</em></strong></span> <span class='ocrx_word' id='word_1_11' title='bbox 1084 658 1151 719; x_wconf 82' lang='grc' dir='ltr'><strong><em>τῶν</em></strong></span> <span class='ocrx_word' id='word_1_12' title='bbox 1166 675 1251 722; x_wconf 90' lang='grc' dir='ltr'><strong><em>σαν-</em></strong></span> 
     </span>
     <span class='ocr_line' id='line_1_3' title="bbox 295 737 1251 829; baseline 0.012 -20"><span class='ocrx_word' id='word_1_13' title='bbox 295 750 380 827; x_wconf 91' lang='grc' dir='ltr'><strong><em>τοῦ,</em></strong></span> <span class='ocrx_word' id='word_1_14' title='bbox 393 737 437 819; x_wconf 80' lang='grc' dir='ltr'><strong><em>ὡς</em></strong></span> <span class='ocrx_word' id='word_1_15' title='bbox 448 739 510 808; x_wconf 82' lang='grc' dir='ltr'><strong><em>οῦκ</em></strong></span> <span class='ocrx_word' id='word_1_16' title='bbox 522 741 728 828; x_wconf 78' lang='grc' dir='ltr'><strong><em>ἐλήφθησοῦ</em></strong></span> <span class='ocrx_word' id='word_1_17' title='bbox 738 740 990 829; x_wconf 88' lang='grc' dir='ltr'><strong><em>ἀποδημοῦντος</em></strong></span> <span class='ocrx_word' id='word_1_18' title='bbox 999 746 1036 814; x_wconf 85' lang='grc' dir='ltr'><strong><em>τὸ</em></strong></span> <span class='ocrx_word' id='word_1_19' title='bbox 1047 755 1172 817; x_wconf 79' lang='grc' dir='ltr'><strong><em>ναῦλον</em></strong></span> <span class='ocrx_word' id='word_1_20' title='bbox 1182 760 1251 820; x_wconf 82' lang='grc' dir='ltr'><strong><em>τῦν</em></strong></span> 
     </span>
     <span class='ocr_line' id='line_1_4' title="bbox 281 837 1251 932; baseline 0.012 -26"><span class='ocrx_word' id='word_1_21' title='bbox 281 837 486 920; x_wconf 82' lang='grc' dir='ltr'><strong><em>-ξῦλωνάπδ</em></strong></span> <span class='ocrx_word' id='word_1_22' title='bbox 497 848 554 926; x_wconf 81' lang='grc' dir='ltr'><strong><em>της</em></strong></span> <span class='ocrx_word' id='word_1_23' title='bbox 564 842 731 926; x_wconf 77' lang='grc' dir='ltr'><strong><em>τραπέζης,</em></strong></span> <span class='ocrx_word' id='word_1_24' title='bbox 739 838 931 910; x_wconf 81' lang='grc' dir='ltr'><strong><em>ἀλλάδνοῑν</em></strong></span> <span class='ocrx_word' id='word_1_25' title='bbox 940 843 1128 932; x_wconf 77' lang='grc' dir='ltr'><strong><em>θάτερον,ἢ</em></strong></span> <span class='ocrx_word' id='word_1_26' title='bbox 1138 847 1251 918; x_wconf 81' lang='grc' dir='ltr'><strong><em>οὐδενὶ</em></strong></span> 
     </span>
     <span class='ocr_line' id='line_1_5' title="bbox 300 936 1251 1034; baseline 0.011 -30"><span class='ocrx_word' id='word_1_27' title='bbox 300 946 366 1026; x_wconf 77' lang='grc' dir='ltr'><strong><em>χρῇ</em></strong></span> <span class='ocrx_word' id='word_1_28' title='bbox 376 947 445 1006; x_wconf 80' lang='grc' dir='ltr'><strong><em>νῦν</em></strong></span> <span class='ocrx_word' id='word_1_29' title='bbox 455 945 588 1006; x_wconf 86' lang='grc' dir='ltr'><strong><em>οίκείων</em></strong></span> <span class='ocrx_word' id='word_1_30' title='bbox 600 936 679 1007; x_wconf 70' lang='grc' dir='ltr'><strong><em>οὐδὲ</em></strong></span> <span class='ocrx_word' id='word_1_31' title='bbox 690 938 854 1024; x_wconf 79' lang='grc' dir='ltr'><strong><em>πιστεύεις</em></strong></span> <span class='ocrx_word' id='word_1_32' title='bbox 863 948 932 1009; x_wconf 76' lang='grc' dir='ltr'><strong><em>τῶν</em></strong></span> <span class='ocrx_word' id='word_1_33' title='bbox 943 950 1069 1011; x_wconf 81' lang='grc' dir='ltr'><strong><em>σαυτοῦ</em></strong></span> <span class='ocrx_word' id='word_1_34' title='bbox 1080 943 1210 1033; x_wconf 79' lang='grc' dir='ltr'><strong><em>οὐδενὶ,</em></strong></span> <span class='ocrx_word' id='word_1_35' title='bbox 1227 944 1251 1034; x_wconf 76' lang='grc' dir='ltr'><em>ἢ</em></span> 
     </span>
     <span class='ocr_line' id='line_1_6' title="bbox 286 1035 1251 1125; baseline 0.009 -21"><span class='ocrx_word' id='word_1_36' title='bbox 286 1037 398 1115; x_wconf 76' lang='grc' dir='ltr'><strong><em>ἐίδώς</em></strong></span> <span class='ocrx_word' id='word_1_37' title='bbox 415 1037 559 1123; x_wconf 80' lang='grc' dir='ltr'><strong><em>ἀκριβῶς</em></strong></span> <span class='ocrx_word' id='word_1_38' title='bbox 576 1035 637 1105; x_wconf 82' lang='grc' dir='ltr'><strong><em>τὸν</em></strong></span> <span class='ocrx_word' id='word_1_39' title='bbox 648 1038 828 1106; x_wconf 78' lang='grc' dir='ltr'><strong><em>Φιλοίνδαν</em></strong></span> <span class='ocrx_word' id='word_1_40' title='bbox 838 1039 984 1125; x_wconf 81' lang='grc' dir='ltr'><strong><em>λαβόντα</em></strong></span> <span class='ocrx_word' id='word_1_41' title='bbox 995 1038 1033 1124; x_wconf 89' lang='grc' dir='ltr'><strong><em>τδ</em></strong></span> <span class='ocrx_word' id='word_1_42' title='bbox 1045 1049 1174 1110; x_wconf 92' lang='grc' dir='ltr'><strong><em>ναῦλον</em></strong></span> <span class='ocrx_word' id='word_1_43' title='bbox 1183 1053 1251 1113; x_wconf 83' lang='grc' dir='ltr'><strong><em>τῦν</em></strong></span> 
     </span>
     <span class='ocr_line' id='line_1_7' title="bbox 285 1130 1345 1228; baseline 0.009 -26"><span class='ocrx_word' id='word_1_44' title='bbox 285 1136 410 1215; x_wconf 77' lang='grc' dir='ltr'><strong><em>-ξύλων</em></strong></span> <span class='ocrx_word' id='word_1_45' title='bbox 427 1137 516 1224; x_wconf 89' lang='grc' dir='ltr'><strong><em>παρδι</em></strong></span> <span class='ocrx_word' id='word_1_46' title='bbox 532 1144 594 1204; x_wconf 91' lang='grc' dir='ltr'><strong><em>τοῦ</em></strong></span> <span class='ocrx_word' id='word_1_47' title='bbox 606 1134 729 1222; x_wconf 83' lang='grc' dir='ltr'><strong><em>πατρὸς</em></strong></span> <span class='ocrx_word' id='word_1_48' title='bbox 740 1145 803 1205; x_wconf 91' lang='grc' dir='ltr'><strong><em>τοῦ</em></strong></span> <span class='ocrx_word' id='word_1_49' title='bbox 812 1141 910 1224; x_wconf 90' lang='grc' dir='ltr'><strong><em>ἐμοῦ,</em></strong></span> <span class='ocrx_word' id='word_1_50' title='bbox 934 1130 1024 1228; x_wconf 69' lang='grc' dir='ltr'><strong><em>ᾧπερ</em></strong></span> <span class='ocrx_word' id='word_1_51' title='bbox 1035 1137 1139 1209; x_wconf 83' lang='grc' dir='ltr'><strong><em>αῦτδν</em></strong></span> <span class='ocrx_word' id='word_1_52' title='bbox 1150 1145 1251 1211; x_wconf 88' lang='grc' dir='ltr'><strong><em>συνέ-</em></strong></span> <span class='ocrx_word' id='word_1_53' title='bbox 1342 1165 1345 1169; x_wconf 87' lang='grc'><strong>’</strong></span> 
     </span>
     <span class='ocr_line' id='line_1_8' title="bbox 300 1233 1251 1326; baseline 0.009 -25"><span class='ocrx_word' id='word_1_54' title='bbox 300 1254 421 1321; x_wconf 90' lang='grc' dir='ltr'><strong><em>στησας</em></strong></span> <span class='ocrx_word' id='word_1_55' title='bbox 432 1234 487 1305; x_wconf 83' lang='grc' dir='ltr'><strong><em>ὅτε</em></strong></span> <span class='ocrx_word' id='word_1_56' title='bbox 498 1238 656 1322; x_wconf 82' lang='grc' dir='ltr'><strong><em>ἐξέπλεις,</em></strong></span> <span class='ocrx_word' id='word_1_57' title='bbox 678 1246 739 1304; x_wconf 86' lang='grc' dir='ltr'><strong><em>οίει</em></strong></span> <span class='ocrx_word' id='word_1_58' title='bbox 748 1240 824 1304; x_wconf 81' lang='grc' dir='ltr'><strong><em>δεῖν</em></strong></span> <span class='ocrx_word' id='word_1_59' title='bbox 833 1233 1060 1323; x_wconf 79' lang='grc' dir='ltr'><strong><em>ἀποστερήσας</em></strong></span> <span class='ocrx_word' id='word_1_60' title='bbox 1068 1236 1170 1326; x_wconf 78' lang='grc' dir='ltr'><strong><em>ἡμᾶς,</em></strong></span> <span class='ocrx_word' id='word_1_61' title='bbox 1191 1239 1251 1310; x_wconf 85' lang='grc' dir='ltr'><strong><em>ε’ἀν</em></strong></span> 
     </span>
     <span class='ocr_line' id='line_1_9' title="bbox 255 1329 1257 1426; baseline 0.006 -24"><span class='ocrx_word' id='word_1_62' title='bbox 255 1333 404 1422; x_wconf 64' lang='grc' dir='ltr'><strong><em>λῦδύνη,</em></strong></span> <span class='ocrx_word' id='word_1_63' title='bbox 428 1344 645 1403; x_wconf 78' lang='grc' dir='ltr'><strong><em>πλεονεκτεῖν.</em></strong></span> <span class='ocrx_word' id='word_1_64' title='bbox 679 1332 743 1420; x_wconf 74' lang='grc' dir='ltr'><strong><em>ἐγώ</em></strong></span> <span class='ocrx_word' id='word_1_65' title='bbox 761 1339 893 1422; x_wconf 89' lang='grc' dir='ltr'><strong><em>τοίννγ,</em></strong></span> <span class='ocrx_word' id='word_1_66' title='bbox 917 1329 1257 1426; x_wconf 78' lang='grc' dir='ltr'><strong><em>ἀάνδρεςδικασταὶ,</em></strong></span> 
     </span>
     <span class='ocr_line' id='line_1_10' title="bbox 284 1430 1253 1525; baseline 0.01 -28"><span class='ocrx_word' id='word_1_67' title='bbox 284 1468 290 1474; x_wconf 93' lang='grc'>-</span> <span class='ocrx_word' id='word_1_68' title='bbox 302 1430 385 1515; x_wconf 83' lang='grc' dir='ltr'><strong><em>πρὸς</em></strong></span> <span class='ocrx_word' id='word_1_69' title='bbox 395 1441 436 1519; x_wconf 77' lang='grc' dir='ltr'><strong><em>τῇ</em></strong></span> <span class='ocrx_word' id='word_1_70' title='bbox 446 1442 626 1520; x_wconf 85' lang='grc' dir='ltr'><strong><em>μαρτυρίᾳ,</em></strong></span> <span class='ocrx_word' id='word_1_71' title='bbox 644 1431 688 1518; x_wconf 72' lang='grc' dir='ltr'><strong><em>ἣν</em></strong></span> <span class='ocrx_word' id='word_1_72' title='bbox 698 1438 902 1521; x_wconf 80' lang='grc' dir='ltr'><strong><em>παρέσχημαι</em></strong></span> <span class='ocrx_word' id='word_1_73' title='bbox 912 1431 992 1520; x_wconf 79' lang='grc' dir='ltr'><strong><em>ὑμῖν</em></strong></span> <span class='ocrx_word' id='word_1_74' title='bbox 1001 1447 1253 1525; x_wconf 83' lang='grc' dir='ltr'><strong><em>μαρτυροῦντας</em></strong></span> 
     </span>
     <span class='ocr_line' id='line_1_11' title="bbox 300 1524 1253 1624; baseline 0.012 -29"><span class='ocrx_word' id='word_1_75' title='bbox 300 1528 380 1608; x_wconf 82' lang='grc' dir='ltr'><strong><em>τούς</em></strong></span> <span class='ocrx_word' id='word_1_76' title='bbox 396 1532 513 1610; x_wconf 81' lang='grc' dir='ltr'><strong><em>δόντας</em></strong></span> <span class='ocrx_word' id='word_1_77' title='bbox 529 1531 742 1616; x_wconf 80' lang='grc' dir='ltr'><strong><em>τδάργύριον</em></strong></span> <span class='ocrx_word' id='word_1_78' title='bbox 753 1524 909 1612; x_wconf 79' lang='grc' dir='ltr'><strong><em>οίςοῦτος</em></strong></span> <span class='ocrx_word' id='word_1_79' title='bbox 919 1536 1067 1602; x_wconf 86' lang='grc' dir='ltr'><strong><em>ἐκέλευσε</em></strong></span> <span class='ocrx_word' id='word_1_80' title='bbox 1078 1538 1133 1604; x_wconf 80' lang='grc' dir='ltr'><strong><em>καὶ</em></strong></span> <span class='ocrx_word' id='word_1_81' title='bbox 1143 1547 1253 1624; x_wconf 71' lang='grc' dir='ltr'><strong><em>καθη-</em></strong></span> 
     </span>
     <span class='ocr_line' id='line_1_12' title="bbox 300 1626 1253 1720; baseline 0.012 -28"><span class='ocrx_word' id='word_1_82' title='bbox 300 1631 423 1712; x_wconf 82' lang='grc' dir='ltr'><strong><em>μένους</em></strong></span> <span class='ocrx_word' id='word_1_83' title='bbox 439 1631 492 1696; x_wconf 82' lang='grc' dir='ltr'><strong><em>έπὶ</em></strong></span> <span class='ocrx_word' id='word_1_84' title='bbox 509 1637 549 1717; x_wconf 77' lang='grc' dir='ltr'><strong><em>τῇ</em></strong></span> <span class='ocrx_word' id='word_1_85' title='bbox 566 1633 706 1715; x_wconf 76' lang='grc' dir='ltr'><strong><em>τραπέζῃ</em></strong></span> <span class='ocrx_word' id='word_1_86' title='bbox 722 1626 812 1715; x_wconf 82' lang='grc' dir='ltr'><strong><em>τότε,</em></strong></span> <span class='ocrx_word' id='word_1_87' title='bbox 834 1634 889 1698; x_wconf 83' lang='grc' dir='ltr'><strong><em>καὶ</em></strong></span> <span class='ocrx_word' id='word_1_88' title='bbox 905 1635 1015 1698; x_wconf 88' lang='grc' dir='ltr'><strong><em>πίστιν</em></strong></span> <span class='ocrx_word' id='word_1_89' title='bbox 1023 1629 1253 1720; x_wconf 74' lang='grc' dir='ltr'><strong><em>ἦθέλησαέπι-</em></strong></span> 
     </span>
     <span class='ocr_line' id='line_1_13' title="bbox 300 1723 823 1813; baseline 0.002 -20"><span class='ocrx_word' id='word_1_90' title='bbox 300 1737 415 1794; x_wconf 77' lang='grc' dir='ltr'><strong><em>θεῖναι</em></strong></span> <span class='ocrx_word' id='word_1_91' title='bbox 421 1777 430 1811; x_wconf 87' lang='grc'><strong><em>,</em></strong></span> <span class='ocrx_word' id='word_1_92' title='bbox 442 1724 486 1813; x_wconf 76' lang='grc' dir='ltr'><strong><em>ἢν</em></strong></span> <span class='ocrx_word' id='word_1_93' title='bbox 496 1725 726 1811; x_wconf 76' lang='grc' dir='ltr'><strong><em>ἀναγνώσεται</em></strong></span> <span class='ocrx_word' id='word_1_94' title='bbox 734 1723 823 1812; x_wconf 72' lang='grc' dir='ltr'><strong><em>ὑμῖν.</em></strong></span> 
     </span>
    </p>
   </div>
   <div class='ocr_carea' id='block_1_3' title="bbox 300 1877 1251 2656">
    <p class='ocr_par' dir='ltr' id='par_1_3' title="bbox 620 1877 855 1939">
     <span class='ocr_line' id='line_1_14' title="bbox 620 1877 855 1939; baseline 0.009 -3"><span class='ocrx_word' id='word_1_95' title='bbox 620 1906 622 1922; x_wconf 84' lang='lat'><em>=</em></span> <span class='ocrx_word' id='word_1_96' title='bbox 697 1877 855 1939; x_wconf 83' lang='grc' dir='ltr'><strong><em>ΟΡΚΟΣ.</em></strong></span> 
     </span>
    </p>

    <p class='ocr_par' dir='ltr' id='par_1_4' title="bbox 300 1970 1251 2560">
     <span class='ocr_line' id='line_1_15' title="bbox 388 1970 1251 2074; baseline 0.012 -25"><span class='ocrx_word' id='word_1_97' title='bbox 388 1980 440 2049; x_wconf 84' lang='grc' dir='ltr'><strong><em>Οῦ</em></strong></span> <span class='ocrx_word' id='word_1_98' title='bbox 450 1970 581 2069; x_wconf 76' lang='grc' dir='ltr'><strong><em>τοίνυν,</em></strong></span> <span class='ocrx_word' id='word_1_99' title='bbox 600 1975 629 2049; x_wconf 68' lang='grc' dir='ltr'><strong><em>ω’</em></strong></span> <span class='ocrx_word' id='word_1_100' title='bbox 637 1981 757 2068; x_wconf 85' lang='grc' dir='ltr'><strong><em>ἀνδρες</em></strong></span> <span class='ocrx_word' id='word_1_101' title='bbox 768 1987 931 2071; x_wconf 83' lang='grc' dir='ltr'><strong><em>δικασταί,</em></strong></span> <span class='ocrx_word' id='word_1_102' title='bbox 949 1985 1080 2070; x_wconf 77' lang='grc' dir='ltr'><strong><em>γράψας</em></strong></span> <span class='ocrx_word' id='word_1_103' title='bbox 1089 1988 1251 2074; x_wconf 88' lang='grc' dir='ltr'><strong><em>μοιὸπα-</em></strong></span> 
     </span>
     <span class='ocr_line' id='line_1_16' title="bbox 301 2078 1250 2175; baseline 0.013 -29"><span class='ocrx_word' id='word_1_104' title='bbox 301 2079 363 2166; x_wconf 75' lang='grc' dir='ltr'><strong><em>τηρ</em></strong></span> <span class='ocrx_word' id='word_1_105' title='bbox 379 2083 529 2148; x_wconf 87' lang='grc' dir='ltr'><strong><em>κατέλιπε</em></strong></span> <span class='ocrx_word' id='word_1_106' title='bbox 546 2078 586 2158; x_wconf 83' lang='grc' dir='ltr'><strong><em>τά</em></strong></span> <span class='ocrx_word' id='word_1_107' title='bbox 601 2085 681 2168; x_wconf 86' lang='grc' dir='ltr'><strong><em>χρέα</em></strong></span> <span class='ocrx_word' id='word_1_108' title='bbox 697 2085 821 2171; x_wconf 91' lang='grc' dir='ltr'><strong><em>μόνον,</em></strong></span> <span class='ocrx_word' id='word_1_109' title='bbox 844 2083 927 2153; x_wconf 84' lang='grc' dir='ltr'><strong><em>ἀλλά</em></strong></span> <span class='ocrx_word' id='word_1_110' title='bbox 944 2088 1000 2153; x_wconf 82' lang='grc' dir='ltr'><strong><em>καί</em></strong></span> <span class='ocrx_word' id='word_1_111' title='bbox 1016 2092 1128 2172; x_wconf 81' lang='grc' dir='ltr'><strong><em>ἔλεγεν</em></strong></span> <span class='ocrx_word' id='word_1_112' title='bbox 1138 2088 1250 2175; x_wconf 86' lang='grc' dir='ltr'><strong><em>ἀρρω-</em></strong></span> 
     </span>
     <span class='ocr_line' id='line_1_17' title="bbox 302 2177 1250 2274; baseline 0.009 -28"><span class='ocrx_word' id='word_1_113' title='bbox 302 2188 391 2247; x_wconf 80' lang='grc' dir='ltr'><strong><em>στῦν</em></strong></span> <span class='ocrx_word' id='word_1_114' title='bbox 401 2178 422 2247; x_wconf 83' lang='grc' dir='ltr'>ὅ</span> <span class='ocrx_word' id='word_1_115' title='bbox 432 2207 463 2247; x_wconf 93' lang='grc' dir='ltr'><strong><em>τι</em></strong></span> <span class='ocrx_word' id='word_1_116' title='bbox 474 2177 640 2266; x_wconf 85' lang='grc' dir='ltr'><strong><em>ὀφείλοιτο</em></strong></span> <span class='ocrx_word' id='word_1_117' title='bbox 652 2179 744 2270; x_wconf 75' lang='grc' dir='ltr'><strong><em>αὐτῷ</em></strong></span> <span class='ocrx_word' id='word_1_118' title='bbox 755 2183 913 2269; x_wconf 78' lang='grc' dir='ltr'><strong><em>ἕκαστον,</em></strong></span> <span class='ocrx_word' id='word_1_119' title='bbox 925 2185 980 2250; x_wconf 82' lang='grc' dir='ltr'><strong><em>καί</em></strong></span> <span class='ocrx_word' id='word_1_120' title='bbox 990 2182 1071 2269; x_wconf 87' lang='grc' dir='ltr'><strong><em>παρ’</em></strong></span> <span class='ocrx_word' id='word_1_121' title='bbox 1083 2175 1126 2274; x_wconf 78' lang='grc' dir='ltr'><strong><em>ᾦ,</em></strong></span> <span class='ocrx_word' id='word_1_122' title='bbox 1138 2189 1193 2254; x_wconf 82' lang='grc' dir='ltr'><strong><em>καί</em></strong></span> <span class='ocrx_word' id='word_1_123' title='bbox 1204 2194 1250 2266; x_wconf 86' lang='grc' dir='ltr'><strong><em>είς</em></strong></span> 
     </span>
     <span class='ocr_line' id='line_1_18' title="bbox 302 2277 1250 2371; baseline 0.006 -25"><span class='ocrx_word' id='word_1_124' title='bbox 302 2277 323 2345; x_wconf 82' lang='grc' dir='ltr'><strong><em>δ</em></strong></span> <span class='ocrx_word' id='word_1_125' title='bbox 334 2305 365 2347; x_wconf 91' lang='grc' dir='ltr'><strong><em>τι</em></strong></span> <span class='ocrx_word' id='word_1_126' title='bbox 375 2279 507 2366; x_wconf 75' lang='grc' dir='ltr'><strong><em>ἐλήφθη</em></strong></span> <span class='ocrx_word' id='word_1_127' title='bbox 518 2277 555 2346; x_wconf 85' lang='grc' dir='ltr'><strong><em>τὸ</em></strong></span> <span class='ocrx_word' id='word_1_128' title='bbox 568 2277 748 2365; x_wconf 85' lang='grc' dir='ltr'><strong><em>ἀργύριον,</em></strong></span> <span class='ocrx_word' id='word_1_129' title='bbox 759 2282 814 2347; x_wconf 80' lang='grc' dir='ltr'><strong><em>καί</em></strong></span> <span class='ocrx_word' id='word_1_130' title='bbox 824 2287 870 2368; x_wconf 74' lang='grc' dir='ltr'><strong><em>τῷ</em></strong></span> <span class='ocrx_word' id='word_1_131' title='bbox 882 2277 1017 2368; x_wconf 79' lang='grc' dir='ltr'><strong><em>ἀδελφῷ</em></strong></span> <span class='ocrx_word' id='word_1_132' title='bbox 1026 2289 1072 2370; x_wconf 76' lang='grc' dir='ltr'><strong><em>τῷ</em></strong></span> <span class='ocrx_word' id='word_1_133' title='bbox 1084 2286 1161 2371; x_wconf 76' lang='grc' dir='ltr'><strong><em>ἐμῷ.</em></strong></span> <span class='ocrx_word' id='word_1_134' title='bbox 1194 2288 1250 2352; x_wconf 79' lang='grc' dir='ltr'><strong><em>καί</em></strong></span> 
     </span>
     <span class='ocr_line' id='line_1_19' title="bbox 302 2374 1250 2465; baseline 0.003 -20"><span class='ocrx_word' id='word_1_135' title='bbox 302 2374 347 2457; x_wconf 78' lang='grc' dir='ltr'><strong><em>ὡς</em></strong></span> <span class='ocrx_word' id='word_1_136' title='bbox 361 2374 455 2444; x_wconf 83' lang='grc' dir='ltr'><strong><em>ταῦτ’</em></strong></span> <span class='ocrx_word' id='word_1_137' title='bbox 475 2374 586 2461; x_wconf 76' lang='grc' dir='ltr'><strong><em>ἀληθῆ</em></strong></span> <span class='ocrx_word' id='word_1_138' title='bbox 602 2379 703 2463; x_wconf 75' lang='grc' dir='ltr'><strong><em>λέγώ,</em></strong></span> <span class='ocrx_word' id='word_1_139' title='bbox 727 2376 904 2461; x_wconf 77' lang='grc' dir='ltr'><strong><em>ἀνάγνωθί</em></strong></span> <span class='ocrx_word' id='word_1_140' title='bbox 919 2403 975 2461; x_wconf 91' lang='grc' dir='ltr'><strong><em>μοι</em></strong></span> <span class='ocrx_word' id='word_1_141' title='bbox 993 2376 1055 2462; x_wconf 80' lang='grc' dir='ltr'><strong><em>τὴν</em></strong></span> <span class='ocrx_word' id='word_1_142' title='bbox 1066 2388 1250 2465; x_wconf 86' lang='grc' dir='ltr'><strong><em>μαρτυρίαν</em></strong></span> 
     </span>
     <span class='ocr_line' id='line_1_20' title="bbox 300 2473 709 2560; baseline 0.007 -17"><span class='ocrx_word' id='word_1_143' title='bbox 300 2473 528 2560; x_wconf 85' lang='grc' dir='ltr'><strong><em>τοῦάδελφοῦ.</em></strong></span> <span class='ocrx_word' id='word_1_144' title='bbox 707 2542 709 2546; x_wconf 91' lang='grc'>.</span> 
     </span>
    </p>

    <p class='ocr_par' dir='ltr' id='par_1_5' title="bbox 656 2595 897 2656">
     <span class='ocr_line' id='line_1_21' title="bbox 656 2595 897 2656; baseline 0 -2"><span class='ocrx_word' id='word_1_145' title='bbox 656 2595 897 2656; x_wconf 77' lang='grc' dir='ltr'><em>ΜΑΡΤΤΡΙΑ.</em></span> 
     </span>
    </p>
   </div>
   <div class='ocr_carea' id='block_1_4' title="bbox 255 2700 1326 3840">
    <p class='ocr_par' dir='ltr' id='par_1_6' title="bbox 255 2700 1253 2990">
     <span class='ocr_line' id='line_1_22' title="bbox 255 2700 1253 2796; baseline -0.001 -23"><span class='ocrx_word' id='word_1_146' title='bbox 255 2729 291 2784; x_wconf 78' lang='lat'><strong><em>43</em></strong></span> <span class='ocrx_word' id='word_1_147' title='bbox 379 2704 436 2784; x_wconf 78' lang='grc' dir='ltr'><strong><em>Ὡς</em></strong></span> <span class='ocrx_word' id='word_1_148' title='bbox 444 2705 505 2792; x_wconf 77' lang='grc' dir='ltr'><strong><em>μέν</em></strong></span> <span class='ocrx_word' id='word_1_149' title='bbox 513 2710 629 2772; x_wconf 90' lang='grc' dir='ltr'><strong><em>τοίνυν</em></strong></span> <span class='ocrx_word' id='word_1_150' title='bbox 638 2709 840 2789; x_wconf 78' lang='grc' dir='ltr'><strong><em>κατελείφθη</em></strong></span> <span class='ocrx_word' id='word_1_151' title='bbox 849 2700 1253 2796; x_wconf 49' lang='grc' dir='ltr'><strong><em>ὀφείλωνιΤιμόθεοςὴμϊν</em></strong></span> 
     </span>
     <span class='ocr_line' id='line_1_23' title="bbox 300 2794 1252 2892; baseline -0.003 -20"><span class='ocrx_word' id='word_1_152' title='bbox 300 2802 339 2872; x_wconf 85' lang='grc' dir='ltr'><strong><em>τδ</em></strong></span> <span class='ocrx_word' id='word_1_153' title='bbox 351 2801 514 2891; x_wconf 78' lang='grc' dir='ltr'><strong><em>ἀργύριον</em></strong></span> <span class='ocrx_word' id='word_1_154' title='bbox 524 2799 590 2869; x_wconf 80' lang='grc' dir='ltr'><strong><em>ὑπὸ</em></strong></span> <span class='ocrx_word' id='word_1_155' title='bbox 603 2809 664 2870; x_wconf 88' lang='grc' dir='ltr'><strong><em>τοῦ</em></strong></span> <span class='ocrx_word' id='word_1_156' title='bbox 675 2799 814 2887; x_wconf 82' lang='grc' dir='ltr'><strong><em>πατρὸς,</em></strong></span> <span class='ocrx_word' id='word_1_157' title='bbox 834 2794 877 2869; x_wconf 78' lang='grc' dir='ltr'><strong><em>οὗ</em></strong></span> <span class='ocrx_word' id='word_1_158' title='bbox 887 2802 1055 2888; x_wconf 75' lang='grc' dir='ltr'><strong><em>δικάζομαι</em></strong></span> <span class='ocrx_word' id='word_1_159' title='bbox 1066 2800 1156 2892; x_wconf 75' lang='grc' dir='ltr'><strong><em>αὐτῷ</em></strong></span> <span class='ocrx_word' id='word_1_160' title='bbox 1163 2854 1173 2890; x_wconf 95' lang='grc'><strong><em>,</em></strong></span> <span class='ocrx_word' id='word_1_161' title='bbox 1196 2806 1252 2870; x_wconf 79' lang='grc' dir='ltr'><strong><em>καί</em></strong></span> 
     </span>
     <span class='ocr_line' id='line_1_24' title="bbox 300 2899 1251 2990; baseline -0.004 -18"><span class='ocrx_word' id='word_1_162' title='bbox 300 2909 449 2990; x_wconf 91' lang='grc' dir='ltr'><strong><em>γίγνεται</em></strong></span> <span class='ocrx_word' id='word_1_163' title='bbox 468 2899 550 2987; x_wconf 87' lang='grc' dir='ltr'><strong><em>έμδν</em></strong></span> <span class='ocrx_word' id='word_1_164' title='bbox 566 2907 680 2990; x_wconf 88' lang='grc' dir='ltr'><strong><em>μέρος,</em></strong></span> <span class='ocrx_word' id='word_1_165' title='bbox 703 2900 723 2969; x_wconf 82' lang='grc' dir='ltr'><strong><em>δ</em></strong></span> <span class='ocrx_word' id='word_1_166' title='bbox 738 2927 773 2969; x_wconf 91' lang='grc' dir='ltr'><strong><em>τε</em></strong></span> <span class='ocrx_word' id='word_1_167' title='bbox 788 2900 1004 2987; x_wconf 88' lang='grc' dir='ltr'><strong><em>ἀδελφόςμοι</em></strong></span> <span class='ocrx_word' id='word_1_168' title='bbox 1020 2902 1251 2987; x_wconf 82' lang='grc' dir='ltr'><strong><em>μεμαρτύρηκε</em></strong></span> 
     </span>
    </p>

    <p class='ocr_par' dir='ltr' id='par_1_7' title="bbox 282 2997 1287 3087">
     <span class='ocr_line' id='line_1_25' title="bbox 282 2997 1287 3087; baseline -0.003 -15"><span class='ocrx_word' id='word_1_169' title='bbox 282 3036 285 3045; x_wconf 73' lang='grc'><strong>’</strong></span> <span class='ocrx_word' id='word_1_170' title='bbox 300 3004 360 3072; x_wconf 78' lang='grc' dir='ltr'><strong><em>καὶ</em></strong></span> <span class='ocrx_word' id='word_1_171' title='bbox 378 2998 396 3069; x_wconf 87' lang='grc' dir='ltr'><strong><em>δ</em></strong></span> <span class='ocrx_word' id='word_1_172' title='bbox 408 3006 564 3087; x_wconf 86' lang='grc' dir='ltr'><strong><em>Φορμίων</em></strong></span> <span class='ocrx_word' id='word_1_173' title='bbox 582 2999 600 3069; x_wconf 93' lang='grc' dir='ltr'>ὁ</span> <span class='ocrx_word' id='word_1_174' title='bbox 613 2998 693 3078; x_wconf 79' lang='grc' dir='ltr'><strong><em>δοὺς</em></strong></span> <span class='ocrx_word' id='word_1_175' title='bbox 702 2997 739 3068; x_wconf 87' lang='grc' dir='ltr'><strong><em>τδ</em></strong></span> <span class='ocrx_word' id='word_1_176' title='bbox 753 2997 931 3087; x_wconf 76' lang='grc' dir='ltr'><strong><em>ἀργύριον,</em></strong></span> <span class='ocrx_word' id='word_1_177' title='bbox 941 2998 1043 3084; x_wconf 54' lang='grc' dir='ltr'><strong><em>’.κάγώ</em></strong></span> <span class='ocrx_word' id='word_1_178' title='bbox 1055 2999 1185 3067; x_wconf 78' lang='grc' dir='ltr'><strong><em>τούτων</em></strong></span> <span class='ocrx_word' id='word_1_179' title='bbox 1196 3007 1250 3066; x_wconf 91' lang='grc' dir='ltr'><strong><em>πί-</em></strong></span> <span class='ocrx_word' id='word_1_180' title='bbox 1285 3064 1287 3069; x_wconf 35' lang='lat'><em>2</em></span> 
     </span>
    </p>

    <p class='ocr_par' dir='ltr' id='par_1_8' title="bbox 282 3097 1326 3185">
     <span class='ocr_line' id='line_1_26' title="bbox 282 3097 1326 3185; baseline -0.007 -16"><span class='ocrx_word' id='word_1_181' title='bbox 282 3144 287 3151; x_wconf 93' lang='lat'><strong>·</strong></span> <span class='ocrx_word' id='word_1_182' title='bbox 301 3121 376 3169; x_wconf 88' lang='grc' dir='ltr'><strong><em>στιν</em></strong></span> <span class='ocrx_word' id='word_1_183' title='bbox 392 3097 540 3185; x_wconf 78' lang='grc' dir='ltr'><strong><em>ηδέλησα</em></strong></span> <span class='ocrx_word' id='word_1_184' title='bbox 557 3103 730 3167; x_wconf 70' lang='grc' dir='ltr'><strong><em>ἐπιθεῖναι.</em></strong></span> <span class='ocrx_word' id='word_1_185' title='bbox 747 3142 748 3146; x_wconf 62' lang='lat'><em>=</em></span> <span class='ocrx_word' id='word_1_186' title='bbox 764 3101 1056 3185; x_wconf 85' lang='grc' dir='ltr'><strong><em>προκαλεσαμένου</em></strong></span> <span class='ocrx_word' id='word_1_187' title='bbox 1073 3099 1116 3165; x_wconf 66' lang='grc' dir='ltr'><strong><em>δὲ.</em></strong></span> <span class='ocrx_word' id='word_1_188' title='bbox 1129 3099 1250 3166; x_wconf 84' lang='grc' dir='ltr'><strong><em>τοῦτον</em></strong></span> <span class='ocrx_word' id='word_1_189' title='bbox 1260 3105 1326 3162; x_wconf 84' lang='grc'><strong>1197</strong></span> 
     </span>
    </p>

    <p class='ocr_par' dir='ltr' id='par_1_9' title="bbox 283 3195 1250 3285">
     <span class='ocr_line' id='line_1_27' title="bbox 283 3195 1250 3285; baseline -0.003 -17"><span class='ocrx_word' id='word_1_190' title='bbox 283 3237 286 3250; x_wconf 52' lang='lat' dir='ltr'>v</span> <span class='ocrx_word' id='word_1_191' title='bbox 300 3197 387 3284; x_wconf 81' lang='grc' dir='ltr'><strong><em>πρὸς</em></strong></span> <span class='ocrx_word' id='word_1_192' title='bbox 406 3205 453 3284; x_wconf 77' lang='grc' dir='ltr'><strong><em>τῷ</em></strong></span> <span class='ocrx_word' id='word_1_193' title='bbox 475 3203 621 3284; x_wconf 76' lang='grc' dir='ltr'><strong><em>διαιτητῇ</em></strong></span> <span class='ocrx_word' id='word_1_194' title='bbox 638 3201 692 3266; x_wconf 82' lang='grc' dir='ltr'><strong><em>καὶ</em></strong></span> <span class='ocrx_word' id='word_1_195' title='bbox 708 3200 904 3277; x_wconf 84' lang='grc' dir='ltr'><strong><em>κελεύοντος</em></strong></span> <span class='ocrx_word' id='word_1_196' title='bbox 920 3201 1068 3281; x_wconf 79' lang='grc' dir='ltr'><strong><em>ἐνεγκεῖν</em></strong></span> <span class='ocrx_word' id='word_1_197' title='bbox 1085 3195 1250 3285; x_wconf 84' lang='grc' dir='ltr'><strong><em>τά-γράμ-</em></strong></span> 
     </span>
    </p>

    <p class='ocr_par' dir='ltr' id='par_1_10' title="bbox 283 3294 1251 3387">
     <span class='ocr_line' id='line_1_28' title="bbox 283 3294 1251 3387; baseline -0.002 -21"><span class='ocrx_word' id='word_1_198' title='bbox 283 3344 288 3351; x_wconf 95' lang='grc'><strong>-</strong></span> <span class='ocrx_word' id='word_1_199' title='bbox 301 3324 389 3387; x_wconf 91' lang='grc' dir='ltr'><strong><em>ματα</em></strong></span> <span class='ocrx_word' id='word_1_200' title='bbox 400 3295 465 3364; x_wconf 83' lang='grc' dir='ltr'><strong><em>ἀπὸ</em></strong></span> <span class='ocrx_word' id='word_1_201' title='bbox 477 3303 535 3383; x_wconf 78' lang='grc' dir='ltr'><strong><em>τῆς</em></strong></span> <span class='ocrx_word' id='word_1_202' title='bbox 545 3300 701 3384; x_wconf 85' lang='grc' dir='ltr'><strong><em>τραπέζης</em></strong></span> <span class='ocrx_word' id='word_1_203' title='bbox 711 3301 766 3365; x_wconf 82' lang='grc' dir='ltr'><strong><em>καὶ</em></strong></span> <span class='ocrx_word' id='word_1_204' title='bbox 776 3294 963 3383; x_wconf 88' lang='grc' dir='ltr'><strong><em>ἀντίγραφα</em></strong></span> <span class='ocrx_word' id='word_1_205' title='bbox 974 3301 1155 3379; x_wconf 79' lang='grc' dir='ltr'><strong><em>αἰτοῦντος,</em></strong></span> <span class='ocrx_word' id='word_1_206' title='bbox 1166 3298 1251 3383; x_wconf 83' lang='grc' dir='ltr'><strong><em>πέμ-</em></strong></span> 
     </span>
    </p>

    <p class='ocr_par' dir='ltr' id='par_1_11' title="bbox 283 3393 1251 3583">
     <span class='ocr_line' id='line_1_29' title="bbox 283 3393 1251 3490; baseline -0.005 -25"><span class='ocrx_word' id='word_1_207' title='bbox 283 3443 287 3449; x_wconf 93' lang='lat'><em>-</em></span> <span class='ocrx_word' id='word_1_208' title='bbox 300 3411 427 3477; x_wconf 73' lang='grc' dir='ltr'><strong><em>φαντος</em></strong></span> <span class='ocrx_word' id='word_1_209' title='bbox 438 3399 663 3481; x_wconf 90' lang='grc' dir='ltr'><strong><em>Φρασιηρίδην</em></strong></span> <span class='ocrx_word' id='word_1_210' title='bbox 681 3398 733 3463; x_wconf 83' lang='grc' dir='ltr'><strong><em>ἐπὶ</em></strong></span> <span class='ocrx_word' id='word_1_211' title='bbox 746 3393 808 3481; x_wconf 81' lang='grc' dir='ltr'><strong><em>τὴν</em></strong></span> <span class='ocrx_word' id='word_1_212' title='bbox 818 3394 995 3490; x_wconf 85' lang='grc' dir='ltr'><strong><em>τράκεζαν,</em></strong></span> <span class='ocrx_word' id='word_1_213' title='bbox 1008 3396 1092 3484; x_wconf 75' lang='grc' dir='ltr'><strong><em>τῷδε</em></strong></span> <span class='ocrx_word' id='word_1_214' title='bbox 1103 3400 1251 3480; x_wconf 87' lang='grc' dir='ltr'><strong><em>Φρασιη-</em></strong></span> 
     </span>
     <span class='ocr_line' id='line_1_30' title="bbox 302 3491 1250 3583; baseline -0.005 -20"><span class='ocrx_word' id='word_1_215' title='bbox 302 3499 379 3582; x_wconf 88' lang='grc' dir='ltr'><strong><em>ρίδη</em></strong></span> <span class='ocrx_word' id='word_1_216' title='bbox 395 3497 562 3577; x_wconf 76' lang='grc' dir='ltr'><strong><em>ἐξενέγκας</em></strong></span> <span class='ocrx_word' id='word_1_217' title='bbox 578 3496 685 3561; x_wconf 78' lang='grc' dir='ltr'><strong><em>ἔδωκα</em></strong></span> <span class='ocrx_word' id='word_1_218' title='bbox 703 3500 808 3580; x_wconf 83' lang='grc' dir='ltr'><strong><em>ζητείν</em></strong></span> <span class='ocrx_word' id='word_1_219' title='bbox 823 3493 863 3558; x_wconf 88' lang='grc' dir='ltr'><strong><em>τά</em></strong></span> <span class='ocrx_word' id='word_1_220' title='bbox 880 3492 1054 3577; x_wconf 79' lang='grc' dir='ltr'><strong><em>γράμματα</em></strong></span> <span class='ocrx_word' id='word_1_221' title='bbox 1064 3494 1118 3560; x_wconf 79' lang='grc' dir='ltr'><strong><em>καὶ</em></strong></span> <span class='ocrx_word' id='word_1_222' title='bbox 1130 3491 1250 3583; x_wconf 82' lang='grc' dir='ltr'><strong><em>ἐκγρά-</em></strong></span> 
     </span>
    </p>

    <p class='ocr_par' dir='ltr' id='par_1_12' title="bbox 283 3582 1250 3812">
     <span class='ocr_line' id='line_1_31' title="bbox 283 3582 1250 3679; baseline -0.008 -18"><span class='ocrx_word' id='word_1_223' title='bbox 283 3641 286 3647; x_wconf 92' lang='grc'>-</span> <span class='ocrx_word' id='word_1_224' title='bbox 303 3603 429 3679; x_wconf 73' lang='grc' dir='ltr'><strong><em>φεσθαι</em></strong></span> <span class='ocrx_word' id='word_1_225' title='bbox 446 3590 509 3657; x_wconf 78' lang='grc' dir='ltr'><strong><em>ὅσα</em></strong></span> <span class='ocrx_word' id='word_1_226' title='bbox 527 3582 791 3678; x_wconf 38' lang='grc' dir='ltr'><strong><em>οδτοςιάίφειλεν.</em></strong></span> <span class='ocrx_word' id='word_1_227' title='bbox 825 3592 880 3658; x_wconf 83' lang='grc' dir='ltr'><strong><em>καί</em></strong></span> <span class='ocrx_word' id='word_1_228' title='bbox 897 3588 940 3669; x_wconf 81' lang='grc' dir='ltr'><strong><em>ὡς</em></strong></span> <span class='ocrx_word' id='word_1_229' title='bbox 957 3587 1117 3677; x_wconf 74' lang='grc' dir='ltr'><strong><em>ὁμολόγει</em></strong></span> <span class='ocrx_word' id='word_1_230' title='bbox 1137 3596 1250 3675; x_wconf 82' lang='grc' dir='ltr'><strong><em>λαβεῖν</em></strong></span> 
     </span>
     <span class='ocr_line' id='line_1_32' title="bbox 303 3684 1192 3812; baseline -0.007 -53"><span class='ocrx_word' id='word_1_231' title='bbox 303 3684 402 3770; x_wconf 80' lang='grc' dir='ltr'><strong><em>οὗτος</em></strong></span> <span class='ocrx_word' id='word_1_232' title='bbox 412 3690 451 3758; x_wconf 87' lang='grc' dir='ltr'><strong><em>τά</em></strong></span> <span class='ocrx_word' id='word_1_233' title='bbox 463 3688 665 3779; x_wconf 88' lang='grc' dir='ltr'><strong><em>ἀντίγραφα,</em></strong></span> <span class='ocrx_word' id='word_1_234' title='bbox 679 3690 855 3776; x_wconf 81' lang='grc' dir='ltr'><strong><em>ἀνάγνωθί</em></strong></span> <span class='ocrx_word' id='word_1_235' title='bbox 861 3716 917 3777; x_wconf 93' lang='grc' dir='ltr'><strong><em>μοι</em></strong></span> <span class='ocrx_word' id='word_1_236' title='bbox 927 3689 989 3777; x_wconf 80' lang='grc' dir='ltr'><strong><em>την</em></strong></span> <span class='ocrx_word' id='word_1_237' title='bbox 999 3695 1192 3812; x_wconf 73' lang='grc' dir='ltr'><strong><em>μαρτμρίαν.</em></strong></span> 
     </span>
    </p>

    <p class='ocr_par' dir='ltr' id='par_1_13' title="bbox 1041 3789 1076 3840">
     <span class='ocr_line' id='line_1_33' title="bbox 1041 3789 1076 3840; baseline -0.029 0"><span class='ocrx_word' id='word_1_238' title='bbox 1041 3789 1076 3840; x_wconf 87' lang='grc'><strong><em>10</em></strong></span> 
     </span>
    </p>
   </div>
   <div class='ocr_carea' id='block_1_5' title="bbox 0 0 1587 4409">
    <p class='ocr_par' dir='ltr' id='par_1_14' title="bbox 0 0 1587 4409">
     <span class='ocr_line' id='line_1_34' title="bbox 0 0 1587 4409; baseline 0 0"><span class='ocrx_word' id='word_1_239' title='bbox 0 0 1587 4409; x_wconf 95' lang='lat' dir='ltr'><strong><em> </em></strong></span> 
     </span>
    </p>
   </div>
  </div>
 </body>
</html>
