3159 4409
530 481 812 546 ΠΡΟΟΙΜΙΑ.
834 483 936 540 lI—V.
1139 478 1203 545 343

573 677 577 688 ι
642 669 645 673 -
710 649 752 710 Δ,
796 677 799 687 ,

332 748 460 830 Ἔστιν,
478 737 513 812 ἐὑ
524 739 836 829 άνδρεςἏθηναῖοι,
860 743 1004 824 δίκαιον,
1025 736 1135 825 ἐπειδὴ
1147 717 1200 825 ἐφ’·

257 846 336 933 ὑμῖν
353 848 443 913 ἐστιν
459 846 592 912 ἑλέσθαι
610 848 679 909 τάν
696 841 871 927 ῥηθέντων
889 835 909 905 6
924 865 956 906 τι
972 834 1015 905 άν
1025 838 1204 925 βούλησθε,

257 969 415 1013 απναιτων
423 939 571 1010 ακουσαι
593 936 719 1023 καὶμαρ
729 937 886 1017 πολλάκις
896 933 1134 1024 συμβαινειτου
1143 962 1206 1004 αυ-

257 1043 318 1112 τὸν
335 1041 529 1162 άνθρωπον
533 1047 632 1107 τοῦτο
649 1063 711 1123 μεν
722 1063 766 1123 μη
755 1036 885 1122 λέγειν
896 1033 1065 1126 ὀρθῶς,”
1046 1059 1159 1117 ετερον
1170 1038 1208 1105 δέ

258 1169 305 1211 τι
327 1144 364 1210 ἐκ
382 1132 501 1228 μὲν
459 1166 522 1208 ουν
540 1163 601 1206 του
589 1143 781 1224 θορυβεῖν
796 1132 867 1220 τάχ’
886 1130 931 1202 άν
948 1133 1212 1221 δυσχεράναντες

258 1248 392 1309 πολλῶν
418 1244 588 1326 χρησίμων
615 1234 947 1364 άποστερηθείητε,’
930 1260 966 1301 εκ
988 1236 1024 1303 δὲ
1043 1242 1105 1302 τοῦ
1126 1235 1206 1321 μετά

259 1342 387 1427 κοσμον
398 1343 453 1406 καὶ
464 1345 558 1424 σιγης
568 1334 709 1406 ακονσαι
720 1337 775 1403 και
784 1361 825 1402 τα
814 1331 942 1414 καλος
953 1334 1099 1420 ἔχοντα
1077 1358 1207 1404 απαντα

247 1439 427 1525 ποιήσετε,
445 1433 511 1504 κάν
521 1439 604 1524 δοκῇ
614 1462 664 1514 τις
673 1442 803 1520 ληρεῖν,
815 1440 1039 1520 παραλείψετε.
1072 1438 1135 1520 ἐγώ
1147 1435 1209 1521 μὲν

261 1532 324 1606 οὑν
341 1534 412 1605 οὔτ’
432 1546 540 1605 είοθα
555 1543 791 1621 μακρολογεῖν,
814 1531 886 1600 οὔτ’
906 1528 964 1617 άν,
987 1538 1017 1599 εί
1031 1526 1091 1600 τὸν
1106 1533 1209 1601 άλλον

261 1634 395 1705 ίωθειν
404 1658 544 1719 χρονου
555 1657 622 1700 νυν
632 1629 820 1718 ἐχρησάμην
830 1654 947 1718 τουτο,
959 1627 1066 1698 ἀλλ’
1046 1627 1067 1698 6
1081 1636 1210 1718 συμφέ-

262 1757 334 1814 ρειν
345 1729 425 1817 υμῖν
435 1737 573 1817 νομίζω
584 1738 705 1817 ταῦτα,
720 1755 765 1810 ως
775 1752 819 1797 αν
830 1729 997 1817 δυυωμαι
1009 1728 1063 1797 διά
1084 1736 1209 1817 βραχυ-

261 1830 371 1900 τάτων
381 1832 446 1944 ἐρῶ
458 1828 541 1913 πρὸς
551 1827 647 1918 ὑμάς

709 1934 746 1994 Ε.

344 2023 428 2111 ’0ρῶ
438 2028 513 2112 μὲν,
527 2052 553 2092 ω
541 2017 701 2147 ἄνδρες
696 2019 877 2114 Αθηναῖοι,
888 2026 1076 2097 παντάπασι
1076 2027 1212 2149 πρόδη-

262 2134 323 2193 λον
339 2119 382 2191 66
393 2122 452 2202 οὕς
462 2150 497 2192 τε
509 2119 552 2192 άν
563 2122 740 2194 άκοὺσαιτε
752 2127 872 2212 λόγους
882 2124 985 2213 ἡδέως
994 2132 1050 2197 καὶ
1061 2126 1143 2214 πρὸς
1153 2124 1212 2206 063

261 2222 325 2292 οὐκ
337 2230 464 2302 οἰκείως
474 2229 575 2309 ἔχετε·
591 2222 633 2291 06
644 2224 711 2310 μὴν
720 2221 850 2291 άλλόι
815 2251 852 2292 το
865 2226 926 2311 μεν
936 2224 1076 2311 λέμειν”
1054 2253 1075 2292 α
1086 2252 1134 2305 τις
1145 2235 1212 2294 οίε-

263 2349 316 2390 ται
330 2331 537 2442 χαριεῖσθαι
534 2330 603 2389 τάν
626 2321 927 2405 παρακρούσασθαί
944 2348 976 2389 τι
997 2326 1212 2408 βουλομένων

263 2420 348 2490 εἶναι
357 2416 488 2507 νομιζω,
501 2446 539 2488 το
527 2417 584 2486 δ’
597 2417 814 2505 ὑφίστασθαι,
826 2410 940 2500 περὶ
911 2444 960 2485 ων
970 2420 1151 2504 πέπεικεν’
1134 2445 1213 2486 εαυ-

262 2521 322 2590 τὸν
339 2523 523 2608 συμφέρειν
539 2527 586 2608 τῇ
597 2518 706 2604 πόλει,
729 2513 795 2586 κάν
810 2513 1211 2605 θορυβηθῆναικάνάλλο

262 2646 295 2688 τι
311 2618 477 2707 βούλησθ’
495 2615 605 2705 ὑμεῖς,
629 2614 806 2704 εὑνουκαὶ
823 2621 952 2684 δικαίου
967 2625 1065 2685 τοῦτο
1077 2622 1213 2685 πολίτου

264 2726 378 2804 κρίνω.
407 2723 591 2804 βουλοίμην
610 2713 641 2784 δ’
662 2712 820 2802 άνὺμάς,
842 2714 1213 2802 είκαὶμηδὲδίὲντοῖν

223 2860 226 2869 ·
267 2815 394 2900 ἄλλων,
412 2813 456 2884 δι’
477 2820 583 2884 ἐκεῖνο
595 2812 773 2901 ὑπομεῖναι
782 2811 861 2892 τοὺς
875 2814 995 2899 λόγους
1005 2810 1212 2899 ἀμφοτέρων,

266 2910 311 2979 ἵν’
325 2912 384 2980 ἐάν
396 2916 456 2999 μὲν
467 2911 652 3000 ὀρθότερον
664 2920 755 3002 φανῇ
765 2940 814 2993 τις
824 2917 931 2999 λέγων
941 2904 990 2982 ὑν
999 2911 1091 3000 ὑμεῖς
1103 2911 1216 2998 ὡρμη-

267 3036 362 3094 κατε,
373 3010 542 3097 χρήσησθε
554 3012 677 3101 τούτῳ,
689 3007 732 3085 άν
743 3010 774 3080 δ’
788 3010 980 3101 ὑπολειφθῇ
989 3015 1043 3080 καὶ
1054 3009 1099 3097 μη
1112 3009 1216 3096 δύνη-

266 3136 321 3178 ται
334 3110 477 3196 διδάξαι,
495 3109 538 3177 δι’
554 3108 675 3197 αὑτὸν,
699 3108 783 3180 άλλά
794 3111 838 3198 μὴ
850 3110 896 3178 δι’
908 3108 994 3196 ὑμᾶς
1004 3109 1066 3178 οὑκ
1078 3113 1214 3179 ἐθέλον-

267 3235 325 3287 τας
341 3204 476 3275 ἀκούειν
493 3217 592 3278 τοῦτο
608 3214 814 3279 πεπονθέναι
833 3215 925 3299 δοκῇ.
958 3215 1005 3277 ἔτι
1015 3207 1047 3277 δ’
1061 3207 1140 3277 οὑδὲ
1150 3208 1216 3277 πά-

266 3306 350 3376 θοιτ’
364 3302 407 3375 άν
417 3305 514 3393 άηδὲς
523 3306 624 3379 οὐδὲν
635 3319 806 3394 τοσοῦτον,
819 3316 849 3378 εί
857 3309 963 3377 πολλά
973 3333 1062 3387 τινος
1071 3315 1216 3394 ληροῦν-

267 3434 323 3487 τος
338 3406 532 3494 ἀκούσαιτε,
553 3407 636 3478 ὅσον
652 3417 682 3479 εί
691 3417 760 3477 τῶν
771 3406 917 3475 δεόντων
926 3434 956 3474 τι
968 3408 1076 3492 λέγειν
1085 3405 1216 3493 ἔχοντός
1227 3421 1294 3476 1422

268 3532 356 3586 τινος
367 3513 469 3576 εἰπεῖν
479 3507 671 3586 κολάσαιτε.
694 3506 787 3594 ἡμὲν
798 3499 861 3574 οὑν
872 3503 954 3593 άρχή
963 3513 1026 3573 τοὺ
1032 3505 1217 3592 δοκιμάζειν

270 3603 380 3688 ὀρθῶς
390 3606 505 3676 ἅπαντ’
515 3611 585 3687 Ἰἐστὶ
595 3608 698 3697 μηδὲν
709 3615 841 3674 οίεσθαι
850 3607 1013 3691 πρότερον
1021 3603 1218 3690 γιγνώσκειν

271 3704 350 3787 πρὶν
366 3715 503 3793 μαθεῖν,
526 3705 633 3786 άλλως
648 3731 683 3773 τε
699 3706 755 3774 καί
774 3704 965 3783 συνειδότας
981 3703 1138 3780 πολλάκις
1153 3699 1217 3787 ἤδη
