3159 4409
546 506 689 567 ΚΑΤΑ
714 459 996 569 ΝΕΑΙΡΑΣ.Ϊ
1071 580 1074 590 ³
1165 507 1229 572 κω

281 674 340 754 τῆς
351 673 504 751 στρατιάς
514 658 578 734 ἀπδ
593 673 663 733 τῦυ
671 662 801 731 πόλεων
814 662 961 732 ἑκάστων
969 671 1108 751 πέμπειν
1116 670 1229 737 ἐπιτά-

281 773 408 850 ξαντες,
430 771 585 842 Βοιωτοῖς
603 762 638 831 δὲ
647 775 714 840 τοῖς
725 760 837 840 ἀλλοις
847 760 950 830 ἀπασι
960 765 1015 831 καὶ
1025 771 1163 851 Λοκροῖς
1173 773 1229 836 καλ

281 873 434 933 Φωκεῦσι
449 865 503 932 καὶ
514 868 682 929 Μαλιεῦσι
699 862 753 928 καὶ
772 865 917 940 Οἰταίοις
933 865 987 931 καὶ
998 869 1132 932 Αἰνιᾶσι
1143 890 1228 934 παν-

235 957 844 1050 02δημελἐπαγγείλαντεςστρατεάειν.
874 963 930 1029 καὶ
940 963 1229 1050 περικαθεζόμενοι

280 1059 393 1128 αῦτοῦν
403 1061 439 1128 τὸ
454 1074 557 1145 τεῖχος
567 1065 674 1144 πολλῇ
687 1056 827 1144 δυνάμει
838 1061 1093 1148 ἐπηγγέλλοντο,
1106 1068 1137 1130 εί
1145 1062 1229 1148 βοῦ-

280 1170 388 1227 λοιντο
399 1156 461 1244 τὴν
472 1158 533 1243 μὲν
544 1155 641 1225 πόλιν
652 1153 763 1235 αὐτοῖς
774 1161 991 1244 παραδοῦναι,
1002 1158 1064 1246 τὴν
1073 1161 1108 1229 δὲ
1117 1160 1228 1248 χώραν

257 1311 260 1332 ,
279 1264 363 1344 ἐχειν
381 1260 436 1326 καὶ
452 1264 666 1341 καρποῦσθαι
682 1252 722 1323 τά
740 1252 869 1340 αὑτων,
893 1254 1097 1343 ἀφίστασθαι
1117 1259 1153 1327 δὲ
1172 1266 1229 1346 τῆς

276 1356 463 1442 Ἀθηναίων
474 1360 665 1441 συμμαχίας.
694 1351 757 1421 οῦκ
768 1357 1001 1441 ἐθελησάντων
1012 1362 1048 1427 δὲ
1059 1368 1126 1427 νῦν
1136 1367 1229 1426 Πλα-

279 1458 413 1540 ταιέωυ,
435 1451 510 1521 ἀλλ’
527 1452 804 1538 ἀποκριναμένων
815 1451 872 1520 ,ὅτι
882 1452 966 1522 ἀνευ
973 1454 1159 1543 Ἀθηναίων
1169 1454 1229 1525 οῦ-

280 1555 337 1621 δέν
347 1549 390 1619 ἀν
401 1553 576 1636 πράξειαν,
588 1551 807 1633 ἐπολιόρκουν
817 1549 939 1631 αῦτοῦς
950 1557 1055 1644 διπλῷ
1064 1562 1160 1640 τείχει
1170 1579 1229 1622 πε-
1237 1569 1304 1624 1380

280 1656 510 1737 ριτειχίσαντες
523 1644 590 1716 δύο
602 1654 673 1736 ἐτη,
696 1650 820 1729 πολλάς
830 1654 885 1718 καὶ
896 1652 1106 1732 παντοδαπάς
1115 1662 1229 1740 πείρας

235 1767 271 1821 03
281 1745 513 1833 προσάγοντες.
547 1748 616 1814 ἐπεὶ
634 1745 665 1814 δ’
689 1747 912 1835 ἀπειρήκεσαν
932 1754 966 1818 οἱ
979 1759 1154 1832 Πλαταιεῖς
1168 1753 1229 1820 *καὶ

280 1851 401 1925 ἐνδεεῖς
417 1839 505 1933 ἦσαν
524 1843 681 1914 ἀπάντων
696 1849 752 1915 καὶ
767 1845 957 1934 ἠποροῦντο
973 1857 1032 1936 τῆς
1055 1858 1227 1937 σωτηρίας,

279 1944 584 2031 διακληρωσάμενοι
593 1942 677 2029 πρὸς
688 1953 777 2031 σφοῖς
786 1944 950 2026 αῦτούςοί
956 1947 1016 2033 μὲν
1025 1945 1228 2035 ὑπομείναν-

278 2072 332 2125 τες
349 2048 620 2131 ἐπολιορκοῦντο,
642 2049 675 2112 οἱ
691 2045 727 2113 δὲ
743 2045 943 2132 τηρήσαντες
954 2045 1060 2115 νύκτα
1069 2051 1124 2116 καὶ
1133 2047 1226 2131 ὕδωρ

279 2142 334 2213 κἀὶ
345 2141 597 2231 ἀνεμουπολῦν,
609 2145 799 2227 ἐξελθόντες
810 2146 845 2211 ἐκ
855 2152 912 2231 τῆς
922 2143 1048 2223 πόλεως
1058 2148 1112 2213 καὶ
1123 2143 1227 2229 ὑπερ-

279 2243 396 2332 βάντες
412 2244 449 2311 τὸ
467 2250 704 2327 περιτείχισμα,
728 2250 796 2308 τάν
812 2249 978 2328 πολεμίων
995 2245 1156 2323 λαθόντες
1167 2240 1229 2330 τὴν

281 2338 454 2429 στρατιάν,
476 2338 726 2424 ἀποσφάξαντες
748 2336 827 2416 τοῦς
848 2339 1001 2423 φύλακας
1018 2340 1229 2419 διασώζονται
1295 2330 1297 2333 ’

281 2447 398 2528 δεῦρο,
421 2445 536 2517 δεινοῦς
558 2443 758 2523 διακείμενοι
774 2439 830 2504 καί
852 2435 1119 2521 ἀπροσδοκήτως·
1141 2441 1176 2504 οί
1195 2434 1239 2503 δ’·

279 2538 517 2626 ὑπομείναντες
535 2534 647 2604 αῦτεῦν
664 2534 810 2622 ἀλούσης
826 2543 883 2622 τῆς
902 2536 1028 2614 πόλεως
1046 2533 1128 2603 κατά
1146 2537 1229 2620 κρά-

279 2666 335 2717 τος
351 2636 593 2723 ἀπεσφάγησαν
609 2635 731 2714 πάντες
748 2639 782 2703 οί
799 2631 961 2722 ἡβῶντες,
984 2638 1096 2712 παῖδες
1118 2634 1154 2702 δὲ
1174 2638 1229 2703 καὶ
1274 2721 1277 2726 .

279 2753 433 2824 γυναῖκες
449 2730 816 2829 ἐξηνδραποδίσθησαν,
840 2732 913 2802 ὅσοι
927 2732 970 2821 μὴ
989 2733 1229 2819 αίσθανόμευοι

280 2837 431 2916 ἐπιόντας
452 2834 531 2914 τοῦς
553 2838 834 2919 Λακεδαιμονίους
855 2830 1046 2918 ὑπεξῆλθον
1060 2829 1227 2918 Ἁθήυαζ.

234 2947 272 3001 04
281 2949 348 3012 τοῖς
360 2928 421 3002 οὖν
433 2934 520 3002 οὕτω
532 2940 685 3020 φανερῶς
695 2932 953 3017 ἐνδεδειγμένοις
963 2930 1024 3015 τὴν
1037 2929 1172 2997 εὔνοιαν
1182 2937 1229 3017 τῷ

283 3031 392 3118 δήμῳ,
415 3034 469 3098 καὶ
480 3035 674 3116 προεμένοις
699 3029 828 3097 ἅπαντα
850 3026 890 3096 τά
913 3026 1024 3095 αὑτῶν
1039 3030 1095 3095 καὶ
1111 3032 1229 3105 παῖδας·

281 3133 337 3199 καὶ
351 3143 527 3217 γυναῖκας,
550 3129 650 3197 πάλιν
667 3143 816 3196 σκοπεῖτε
826 3136 896 3205 ποῦς
906 3130 1055 3214 μετέδοτε
1066 3132 1123 3212 τῆς
1133 3133 1229 3193 πολι-

281 3236 374 3307 τείας.
398 3231 434 3295 ἐκ
444 3227 507 3312 γάρ
516 3234 584 3294 τῶν
592 3227 813 3314 ψηφισμάτων
823 3235 891 3294 τῶν
902 3225 1070 3311 ὑμετέρων
1080 3250 1229 3311 καταφα-

281 3327 341 3415 νὴς
352 3333 452 3396 πᾶσίν
463 3323 577 3394 ἐστινὸ
592 3328 700 3414 νόμος,
713 3329 767 3394 καὶ
780 3321 942 3411 γνώσεσθ’
955 3321 1006 3391 ὅτι
1015 3320 1125 3410 ἀληθῆ
1136 3323 1228 3409 λέγω.

282 3434 339 3494 καί
351 3452 407 3513 μοι
424 3425 504 3512 λαβὲ
523 3424 560 3492 τδ
577 3425 730 3513 ψήφισμα
747 3431 846 3492 τοῦτο
857 3422 913 3490 καὶ
923 3419 1098 3507 ἀνάγνωθι
1109 3421 1227 3500 αὐτοῖς.

430 3546 653 3626 ΨΗΦΙΣΜΑ
673 3544 785 3607 ΠΕΡΙ
800 3541 1081 3603 ΠΛΑΤΑΙΕΩΝ.

410 3638 614 3725 [Ἱπποκράτης
629 3639 691 3705 εἷπε
707 3640 874 3713 Πλαταιέας
885 3635 965 3713 ,εἶναι
977 3632 1155 3718 Ἀθηναίονς
1171 3629 1229 3696 ἀπὸ

325 3729 410 3808 τῆσδε
427 3732 478 3805 τῆς
493 3721 619 3809 ἡμέρας,
641 3727 772 3805 ἐντίμους
789 3719 926 3808 καθάπερ
938 3724 969 3785 οἱ
976 3715 1229 3867 ἀλλῖοομῖλθηναῑοι,
