3159 4409
318 492 382 557 ιω
517 497 579 554 nx.
610 491 1058 571 [ΔΗΜοεοεΝουΣ]

317 653 507 739 άνάγνωθι,
528 651 575 720 ἵν’
595 655 701 738 εἰδῆτε
716 648 767 718 ὅτι
782 647 828 716 ού
845 648 952 736 μόνου
967 659 1136 738 προσῆκεν
1155 648 1260 738 αὐτὴν

316 750 496 836 ἀπέχεσθαι
511 757 579 817 τῶν
595 753 694 833 ίερῶν
705 747 834 815 τούτων
847 749 1002 834 τοιαύτην
1012 741 1119 817 ούσαυ
1129 753 1185 818 καὶ
1194 775 1260 818 τοι·

317 855 400 916 αὕτα
418 849 720 932 διαπεπραγμένην,
740 854 803 912 τοῦ
819 844 905 932 ὁράυ
914 850 969 915 καὶ
979 845 1080 925 θύειν
1090 850 1146 916 καὶ
1156 864 1260 917 ποιεῖν

317 972 347 1012 τι
363 952 432 1012 τῶν
449 946 671 1030 νομιζομένων
688 940 772 1031 ὑπὲρ
786 951 846 1029 τῆς
856 944 982 1024 πόλεως
992 953 1157 1034 πατρίων,
1179 947 1260 1016 άλλὰ

316 1046 370 1111 καλ
381 1050 448 1110 τῶν
458 1040 569 1109 ἄλλων
578 1049 646 1109 τοῖν
652 1039 833 1128 Ἀθήνησιν
844 1040 1008 1112 ἁπάντων.
1041 1043 1097 1130 ἐφ’
1110 1037 1134 1134 ᾖ
1145 1045 1211 1132 γάρ
1221 1042 1259 1113 δν

315 1139 426 1229 μοιχὸς
436 1138 507 1228 άλοῐ
518 1144 667 1226 γυναικὶ,
676 1139 741 1209 ούκ
752 1145 877 1222 ἔξεστιν
887 1140 972 1230 αὐτῇ
984 1145 1097 1212 ἐλθεῖν
1108 1149 1155 1223 είς
1165 1143 1260 1213 οὐδὲν
1267 1152 1310 1208 1314

316 1248 384 1308 τῶν
393 1244 492 1326 ίερων
501 1247 568 1309 τοῖν
580 1245 783 1326 δημοτελῶν
802 1266 817 1306 ε
817 1235 986 1318 6626*
951 1267 1014 1326 την
1023 1245 1120 1328 ξένην
1130 1240 1232 1311 aaz*
1196 1268 1255 1328 την

317 1338 441 1423 δούλην
458 1339 569 1405 &mcv
585 1339 737 1417 ἐξουσίαν
747 1342 913 1406 ἔδοσαυοί
898 1337 1036 1458 ίυόμοι
1029 1342 1257 1434 ναὶθεασομέ-

272 1455 307 1509 86
317 1462 380 1522 νην
396 1439 451 1503 καί
465 1435 749 1506 ’ίαετεύσουσανί
719 1438 869 1504 εί·σιέυαι
890 1433 973 1504 άλλά
989 1436 1110 1556 μόναις
1129 1438 1260 1516 ταύταις

316 1533 583 1622 ἀπαγορεύουσιν
593 1535 675 1604 οί’
635 1562 732 1622 υομοι
742 1549 812 1614 ταῖς
823 1537 952 1620 γυναιξί
961 1561 1006 1622 μη
995 1533 1153 1603 εἰσιέναι
1165 1535 1256 1615 seg*
1222 1561 1258 1602 τα

317 1636 389 1720 ιερά
400 1660 439 1701 τα
429 1634 629 1721 ’δημοτελη,
647 1627 737 1720 έφ”
713 1629 789 1723 ηάυ
800 1631 1009 1723 μοιχδςάλῷ,
1021 1629 1125 1700 ἐάυδ’
1139 1639 1259 1702 εἰσίωσι

317 1734 371 1800 καὶ
388 1741 619 1819 παρανομῶσι,
639 1735 790 1819 νηποινεὶ
806 1732 941 1817 πάσχειν
952 1730 1019 1799 ὑπὸ
1028 1739 1089 1799 τοῦ
1099 1734 1259 1818 βουλομέ-

317 1856 380 1898 νου
391 1830 451 1899 ὅτι
462 1829 505 1898 άν
516 1832 640 1920 πάσχῃ,
653 1830 739 1918 πλην
749 1832 910 1900 θανάτου.
931 1833 986 1898 καί
996 1835 1120 1898 ἔδωκεν
1131 1827 1149 1899 ὁ
1161 1831 1259 1917 νόμος

316 1930 377 2014 τὴν
392 1935 550 2015 τιμωρίαν
565 1928 649 2016 ὑπὲρ
668 1926 779 1996 αύτοίν
789 1936 835 2018 τῷ
846 1927 1021 2013 ἐντυχόντι.
1052 1925 1106 1994 διά
1118 1935 1218 1996 τούτο
1228 1923 1258 1995 δ’

315 2023 495 2112 ἐποίησενὸ
509 2025 627 2111 νόμος,
644 2023 733 2111 πλὴν
742 2027 912 2110 θανάτου,
928 2023 1032 2097 τάλλα
1042 2023 1258 2111 ὑβρισθεῖσαν

315 2122 420 2211 αὐτὴν
436 2128 590 2211 μηδαμοῦ
605 2131 719 2211 λαβεῖν
734 2129 845 2211 δίκην,
866 2129 922 2192 ἵνα
937 2126 982 2211 μη
1000 2123 1166 2212 μιάσματα
1183 2121 1256 2211 μηδ’

314 2219 502 2308 ἀσεβήματα
516 2228 666 2309 γίγνηται
682 2226 720 2291 έν
729 2237 797 2302 τοῖς
807 2228 922 2308 ιἐροῖς,
945 2222 1062 2291 ίααυόν
1073 2224 1184 2309 φόβον
1194 2236 1258 2300 ταῖς

313 2323 442 2407 γυναιξὶ
451 2322 709 2408 παρασκευάζων
717 2324 1035 2408 τούσωφρονεῖνκαλ
1042 2322 1146 2408 μηδὲν
1154 2320 1258 2407 ἆμαρ-

314 2421 442 2505 τάνειν,
464 2414 547 2488 άλλά
564 2425 697 2498 δικαίως
712 2427 895 2508 οἰκουρεῖν,
918 2421 1085 2489 διδάσκων
1094 2418 1156 2504 ὥς,
1177 2418 1221 2487 άν
1229 2445 1258 2486 τι

211 2568 216 2586 x
314 2544 443 2606 αμαρτη
453 2544 581 2586 τουτων
587 2518 820 2606 αμαέιιτε
778 2546 836 2604 της
847 2524 952 2598 οίκιας
960 2545 1021 2586 του
1008 2515 1155 2604 αυδρος
1167 2518 1258 2606 eupe-

313 2715 365 2784 ύτι
381 2713 483 2783 ταῦθ’
507 2714 612 2794 οὕτως
628 2722 707 2801 ἔχει,
730 2723 791 2783 τού
805 2716 913 2800 νόμον
933 2713 1038 2783 αὐτοῦ
1057 2713 1282 2791 άκούσαντεε

315 2811 740 2898 άναγνωσθέντοςείσεσθε.
760 2819 821 2881 καί
827 2838 883 2899 μοι
893 2813 972 2898 λαβε
982 2838 1043 2880 τον
1054 2837 1168 2896 νομον.

569 2949 740 3011 ΝΟΜΟΣ
756 2949 996 3012 ΜΟΙΧΕΙΑΣ.

440 3053 585 3165 [Ἐήπειδάν
607 3060 639 3124 δὲ
659 3055 758 3146 έλη“
730 3054 909 3142 τονμοιχδν,
929 3086 985 3162 μη
958 3054 1092 3134 ’ἐξέστω
1107 3080 1148 3117 τω
1136 3051 1257 3118 ἑλόντι

356 3152 502 3208 συνοικειν
512 3168 548 3230 τη
535 3147 694 3226 γυναικί
717 3139 770 3206 έαν
780 3144 812 3207 δε
822 3164 960 3246 συνοικη,
972 3139 1072 3243 άτιμος
1083 3118 1163 3202 ἔστω.
1184 3137 1256 3244 μηδὲ
1280 3212 1283 3218 .

355 3254 391 3330 τη
378 3228 538 3332 γυναικί
537 3228 581 3306 έξέ
580 3247 638 3292 στω
649 3251 662 3290 ε
663 3227 719 3293 ίέσι
718 3252 768 3289 ναι
754 3221 859 3372 [⁸6⁸⁸
828 3252 864 3290 τα
875 3203 939 3310 ίερά
951 3250 987 3287 τοι
974 3220 1168 3324 ’δημοτελῆ,
1174 3210 1255 3303 ἐπ”
1224 3245 1256 3324 η

355 3307 394 3374 άν
387 3308 506 3411 μοιχὸς
523 3307 600 3399 6293·
622 3304 674 3374 έδν
691 3303 783 3374 δἐίσ
740 3313 829 3397 εσίη,
854 3309 986 3391 νηποινεὶ
1000 3302 1168 3389 πασχέτω”
1148 3329 1165 3368 ο
1181 3331 1210 3368 τι
1219 3328 1256 3366 αν

354 3389 465 3481 πάσχη,
476 3393 554 3478 πλὴν
562 3377 718 3476 6666wa

268 3518 303 3573 88
395 3504 563 3592 Βούλομαι
580 3501 733 3573 τοίνυν
712 3517 807 3590 υμιν,
830 3529 855 3569 ω
844 3495 985 3585 ’ἄνδρες
996 3456 1180 3585 Ἇδηναῐοι,
1203 3497 1257 3565 καί

312 3626 372 3670 του
359 3601 492 3686 δήμου
502 3629 562 3670 του
549 3602 758 3689 Ἀθηναίων
768 3607 952 3688 μαρτυρίαν
963 3591 1235 3682 παρασχέσθαη(
1213 3619 1257 3672 ως

313 3699 489 3780 σπουδάζει
502 3700 621 3785 περλ“
585 3728 624 3770 τα
637 3700 709 3789 ίερά
723 3708 827 3769 ταῦτα
839 3695 948 3777 καλάς
958 3694 1085 3783 πολλὴν
1095 3693 1257 3782 πρόνοιαν
