3159 4409
464 505 608 583 xm
638 505 1077 571 ΛιοΝνΣοΛαΡον.
1175 507 1245 572 -ιοε

291 666 455 754 λύθασιν,
469 667 513 747 ὥς
522 665 576 735 ἐπ’
590 665 700 748 αύτοίς
710 668 887 754 ἐσόμενον,
899 665 959 736 ἐὰν
970 676 1246 757 καταψηφίσησθε

291 764 421 853 αῦτῦν,
447 763 583 852 τάρχαῖα
606 766 712 853 μόνον
733 765 922 837 ἀποδοῦναι
940 769 996 835 καὶ
1016 765 1095 846 τοῦς
1115 768 1244 850 τόκους.

249 863 384 986 ροῦμεῑς
395 857 474 951 ούυ,
495 857 847 949 ύάνδρεςἈδηναίοι,
865 862 909 985 μη
922 867 1107 985 ἐπιτρέπετε
1116 867 1246 988 τούτοις

290 989 398 1042 ουτως
408 967 536 1048 έχουσι,
561 959 639 1048 μηδ’
652 963 704 1030 ἐπὶ
715 960 838 1030 δυοιν
819 989 985 1048 αγκυραιν
996 978 1112 1050 ορμειν
1123 990 1245 1043 αυτους

291 1058 425 1144 έῦτε,
402 1088 461 1147 ας,
474 1059 534 1128 ἐὰν
546 1060 608 1147 μὲν
618 1067 827 1144 κατορθωσι,
834 1058 1013 1181 τάλλότρια
1024 1063 1174 1148 ἕξοντας,
1186 1059 1244 1129 ἐὰν
1253 1069 1321 1126 1296

291 1165 327 1228 δὲ
338 1187 381 1246 μη
371 1159 561 1227 δύνωνται
573 1154 799 1244 ἐξαπατῆσαι
780 1164 881 1243 υμᾶς,
899 1156 983 1225 αύτά
993 1184 1033 1226 τα
1020 1156 1245 1246 ὀφειλόμενα

290 1257 541 1338 ἀποδώσοντας·
563 1255 646 1326 ἀλλὰ
667 1270 736 1336 τοῖς
757 1259 927 1343 ἐπιτιμίοις
949 1263 1098 1344 ζημιοῦτε
1118 1273 1186 1338 τοῖς
1205 1262 1243 1328 έκ
1325 1257 1328 1266 ’

289 1366 347 1445 τῆς
359 1365 567 1444 συγγραφῆς·
584 1356 688 1426 καλ
648 1383 713 1442 γαρ
724 1352 768 1423 ἀν
778 1354 891 1423 δεινόν
902 1365 951 1440 είη
964 1352 1086 1441 αυτούς
1093 1356 1155 1443 μὲν
1163 1357 1244 1425 τού-

290 1482 369 1536 τους
391 1462 567 1525 διπλασίαν
587 1455 667 1524 καδ’
683 1453 806 1522 ,αὐτῶν
826 1451 888 1540 τὴν
904 1459 1020 1539 ζημίαν
1036 1451 1242 1544 γράψασθαι,

290 1556 350 1624 έαν
360 1582 390 1622 τι
401 1562 630 1644 παραβαινωσι
640 1581 708 1622 των
718 1559 806 1642 έντῇ
817 1563 1010 1644 συγγραφῇ,
1025 1553 1186 1643 ύμῦςδ”
1166 1582 1244 1644 ηπί-

291 1659 421 1738 ωτέροις
437 1661 523 1740 ἔχειν
540 1679 623 1740 προς
633 1679 772 1738 αυτονς,
795 1654 955 1722 καὶταῦτ’
967 1647 1244 1744 ούχῆττονῆμῦν

290 1757 584 1840 συνηδικημένους

247 1875 281 1928 45
380 1850 427 1919 Τά
449 1852 511 1938 μέν
533 1845 596 1920 ούν
619 1854 694 1938 περὶ
710 1860 771 1921 τοῦ
788 1852 979 1939 πράγματος
995 1857 1103 1922 δίκαια
1119 1860 1243 1942 βραχέα

261 2010 263 2012 ,
289 1952 358 2019 ἐστὶ
379 1953 433 2019 καλ
454 1950 715 2038 εὐμνημόνευτα.
759 1954 973 2037 ἐδανείσαμεν
994 1953 1242 2043 Διονυσοδώρῳ

249 2133 251 2149 Ι
288 2050 394 2141 τούτῳ
407 2052 460 2118 καὶ
471 2058 518 2141 τῷ
530 2057 680 2140 κοινωνῷ
689 2047 795 2118 αύτοῦ
802 2059 979 2136 τρισχιλίας
988 2050 1134 2138 δραχμὰς
1143 2050 1242 2138 Ἀθή-

288 2160 395 2237 υηθεν
417 2157 462 2228 είς
478 2159 651 2236 Αίγυπτον
671 2151 727 2218 καὶ
747 2150 971 2233 ἐξΑίγύπτου
985 2147 1157 2236 Ἀθήναζε·
1179 2148 1242 2218 οῦκ

289 2248 518 2335 ἀπειλήφαμεν
526 2246 566 2316 τά
576 2248 726 2334 χρήματα
735 2244 815 2315 οῦδὲ
823 2246 902 2325 τούς
909 2247 1038 2330 τόκους,
1051 2244 1117 2314 ἀλλ’
1132 2252 1243 2333 ἔχουσι

289 2347 330 2416 τό
347 2345 488 2434 ἡμέτερα
506 2349 560 2413 καλ
576 2354 718 2430 χρῶνται
736 2346 894 2431 δεύτερον
904 2348 988 2422 ἔτος·
1011 2341 1052 2409 οῦ
1064 2369 1243 2411 κατακεκο-

289 2453 403 2534 μίκασι
418 2443 480 2531 τὴν
497 2452 585 2511 ναῦν
596 2449 642 2521 είς
651 2442 688 2511 τό
702 2441 863 2528 ὑμέτερον
875 2441 1035 2526 ἐμπόριον
1046 2439 1176 2508 οὐδέπω
1187 2446 1243 2510 καὶ

288 2555 364 2633 νῦν,
377 2544 453 2615 οὐδ’
466 2543 547 2631 ἡμῖν
559 2541 806 2630 παρεσχήκασιν
816 2545 948 2627 ἐμφανῆ
956 2566 963 2579 ·
984 2536 1005 2627 ἡ
1019 2541 1054 2608 δὲ
1065 2539 1241 2628 συγγραφὴ

252 2701 257 2724 ,
288 2646 433 2730 κελεύει,
455 2642 515 2712 ἐὰν
531 2641 575 2730 μη
594 2643 923 2729 παρέχωσινέμφανη
932 2637 994 2726 τὴν
1003 2646 1106 2724 ναῦν,
1128 2638 1242 2708 ἀποτί-

288 2771 361 2812 νειν
372 2741 495 2822 αύτούς
507 2741 662 2810 διπλάσια
672 2739 713 2809 τά
723 2740 888 2828 χρήματα,
909 2737 970 2825 τὴν
983 2739 1018 2808 δὲ
1029 2743 1148 2823 πρῦξιν
1159 2737 1242 2807 είναι
1270 2769 1272 2773 ·

244 2843 342 2914 46καλ
353 2846 385 2920 ἐξ
397 2840 470 2921 ἑνός
481 2845 535 2911 καὶ
546 2846 579 2923 ἐξ
590 2840 725 2928 ἀμφοῖν.
758 2839 852 2908 ταῦτ’
864 2845 992 2926 ἔχοντες
1002 2838 1042 2907 τὰ
1053 2841 1163 2907 δίκαια
1174 2844 1242 2906 είσ-

287 2939 500 3024 εληλύθαμεν
511 2940 595 3026 πρὸς
606 2939 709 3027 ῦμῦς,
728 2938 897 3020 ἀξιοῦντες
914 2941 954 3006 τό
970 2937 1111 3025 ἡμέτερα
1129 2935 1241 3005 αὐτῶν

287 3036 472 3124 ἀπολαβεῖν
483 3039 522 3106 δι’
535 3038 642 3125 ῦμῦν,
654 3037 765 3125 ἐπειδὴ
777 3036 852 3125 παρ’
864 3035 975 3105 αῦτῦν
985 3036 1115 3106 τούτων
1126 3032 1168 3102 ού
1179 3039 1241 3103 δυ-

287 3138 430 3224 νάμεθα.
454 3134 544 3223 ὁμὲν
554 3135 744 3224 παρήμῦν
755 3139 855 3224 λόγος
865 3128 962 3216 οὗτός
973 3139 1070 3204 ἐστιν.
1099 3127 1240 3203 οῦτοιδέ
1268 3129 1270 3132 ’

287 3242 506 3305 δανείσασθαι
525 3238 586 3323 μέν
607 3234 807 3323 ὁμολογοῦσι
832 3239 887 3305 καὶ
912 3235 958 3358 μὴ
983 3235 1246 3320 ἀποδεδωκέναι,-

287 3339 503 3423 διαφερονται
520 3334 551 3402 δ
573 3333 618 3415 ὠς
632 3333 674 3410 ού
692 3341 743 3405 δεῖ
756 3345 861 3405 τελεῖν
879 3332 1003 3414 αύτούς
1019 3333 1098 3412 τοῦς
1119 3334 1239 3414 τόκους

286 3431 364 3513 τοῦς
381 3436 419 3501 έν
435 3443 476 3523 τῇ
486 3442 678 3557 συγγραφῇ,
701 3433 785 3505 ἀλλά
796 3432 875 3514 τοῦς
886 3439 931 3511 είς
939 3432 1067 3519 Ῥόδον,
1091 3431 1150 3513 οῦς
1161 3433 1240 3526 οῦτε

242 3513 539 3620 ςησυνεγράψαύτο
555 3532 616 3601 οῦτ
621 3531 815 3602 Νέπεισαν
797 3541 892 3620 ημῦς.
925 3524 1113 3617 είμένούν,
1139 3560 1164 3599 ω
1177 3531 1239 3598 ἀν-

285 3630 377 3718 δρες’
374 3639 555 3719 Αθηναῖοι,
574 3635 610 3702 έν
620 3659 666 3722 τῳ
651 3632 807 3701 Ῥοδίων
818 3637 1014 3722 δικαστηρίῳ
1025 3632 1236 3720 ἐκρινόμεθα,

286 3729 398 3809 ἴσως
377 3726 420 3799 ἀν
432 3723 524 3800 οῦτοι
535 3703 801 3800 έπλεούέκτουν’
781 3739 886 3818 ημῦν,
898 3732 1146 3818 σεσιτηγηκότες
1155 3726 1238 3815 πρὸς
1247 3745 1313 3800 1297
