3159 4409
726 973 794 1029 LVI.

397 1115 520 1184 ΚΑΤΑ
537 1117 918 1188 ΛΙΟΝΥΣΟΛΩΡΟΥ
939 1118 1135 1186 ΒΛΑΒΗΣ.
1246 1118 1314 1173 1282

655 1279 877 1338 ΥΠΟΘΕΣΙΣ.

295 1390 434 1517 Δαρεῖος
444 1417 494 1478 καλ
504 1420 662 1498 Πάμφιλος
673 1417 890 1525 Διονυσοδώρῳ
906 1422 1067 1495 δανείζουσι
1082 1424 1250 1523 τρισχιλίας,

290 1492 426 1606 δραχμδις
443 1500 489 1562 ἐπὶ
499 1524 540 1585 τῳ
526 1498 722 1565 πλεῦσαι’
684 1497 775 1566 αυτὸν
785 1506 826 1577 είς
835 1510 992 1605 Al‘yvmov
997 1497 1137 1567 κῦιιεῐθεν
1147 1494 1237 1579 αὖθις

290 1580 451 1665 Ἀθήναζε,
475 1607 525 1646 και
515 1562 718 1692 λαμβάνουσι
729 1583 808 1666 μλν’
792 1583 952 1693 υπυθήιιρν
961 1579 1015 1667 τὴν
1025 1593 1115 1667 ναῦν,
1136 1591 1235 1688 διομο-

293 1668 484 1749 λογοῦνταιδ
466 1666 563 1729 δὲκαὶ
579 1666 682 1744 τόκους
692 1665 778 1745 όσυυς
788 1666 913 1748 ὄφειλον
921 1667 1063 1770 Ἀθήναζε
1075 1668 1234 1735 καταπλεό-

292 1772 399 1823 σαντος
399 1747 636 1895 ἒΔιονυσοδοόρου
655 1755 842 1857 κομίσασθαι.
876 1749 1112 1898 Διοιρισόδωρρς
1113 1749 1178 1818 δὲ’
1161 1782 1233 1819 ανα-

290 1835 347 1898 πλέ
347 1859 389 1896 ιον
399 1833 493 1935 κτης
502 1832 722 1938 Αίμυπτου,
709 1833 815 1924 ’Ῥόδῳ
823 1831 1013 1939 προσσχοιν,
1014 1837 1072 1900 κει
1083 1862 1134 1901 τον
1143 1865 1235 1922 νυμον

292 1909 453 1996 ἐξέθετο,
433 1943 472 2020 ρις
466 1912 581 2022 μέν’
545 1916 631 1994 αυτός
643 1937 730 2001 φησι,
741 1899 831 1984 διὰ
802 1944 834 1983 το
846 1914 1013 2025 ρριγῆναι
981 1946 1036 2002 την
1046 1927 1122 1984 ναῦν
1132 1924 1182 1986 καί
1192 1919 1233 1985 εί-

292 2027 342 2064 ναι
354 1996 518 2106 65595v‚‘
500 2028 538 2077 ως
549 2002 581 2065 δὲ
592 2010 716 2107 Δαρεῖος
724 2006 814 2109 λέγει,
828 2001 878 2068 διδι
887 2031 919 2069 το
907 1999 1120 2068 πυθέσθαι
1091 2030 1143 2068 τον
1154 2013 1233 2070 σιτον

288 2077 500 2166 Ἀθήνησιν”
463 2110 577 2149 ευωνου
593 2083 677 2150 ὅντα·
700 2084 754 2170 τὴν
763 2085 828 2195 γὰρ
831 2096 908 2152 ναῦν
918 2085 999 2175 σρίαν
1008 2083 1150 2170 ὑπάρχειν
1161 2091 1234 2170 φησί

290 2169 343 2231 καὶ
358 2175 442 2231 πλειυ
458 2171 500 2231 ἔτι
516 2170 567 2232 καί
583 2176 648 2232 νῦν.
681 2195 697 2233 ο
698 2164 828 2250 ίμδν
790 2195 846 2234 ουν
859 2154 1039 2245 δανείσαντες
1049 2172 1099 2234 καί
1110 2197 1232 2276 κατηρα-

291 2257 377 2353 ροῦσι
396 2257 449 2314 τοῦ
447 2249 697 2354 Διονυσοδωρου
718 2256 953 2354 παραβεβηκέναι
972 2247 1029 2334 τὴν
1049 2254 1232 2337 συγγραφὴν,

292 2330 407 2399 διότι
370 2360 431 2437 την
440 2329 618 2437 ὑποθήκην,
621 2331 787 2399 τουτέστι
745 2360 811 2439 την
819 2343 903 2415 ναῦν,
916 2360 951 2398 ον
940 2333 1099 2440 ’παρέσχεν
1108 2337 1233 2423 ἐμφανῆ,

292 2412 378 2482 παῦ’
360 2424 535 2481 απαιτοῦσιν
551 2412 641 2481 αῦτδν
657 2412 724 2492 τοῦς
741 2413 974 2521 ὁμολογηθέντας
983 2442 1086 2494 τοκονς
1096 2413 1232 2493 τελείυνς·

289 2527 306 2566 ο
294 2497 406 2565 δὲ’
372 2527 407 2565 ον
424 2497 536 2577 πάντας
552 2494 727 2564 ἆποδιδόναι
742 2499 891 2584 βούλεται,
914 2495 988 2565 ἆλλδι
1003 2501 1076 2585 πρὸς
1086 2499 1174 2584 λογον
1183 2527 1233 2565 του

287 2591 426 2648 πλοῦτον
412 2587 637 2660 πλευσθέντος.

373 2762 544 2841 Κοινωνός
555 2768 619 2848 είμι
629 2769 690 2830 τοῦ
701 2765 915 2848 δανείσματος
924 2763 1061 2844 τοῦτον,
1077 2751 1233 2845 οἶῦνδρες

287 2864 447 2927 δικασταί.
478 2867 650 2947 συμβαίνει
667 2859 698 2928 δ’
716 2859 796 2947 ἡμῖν
813 2873 881 2939 τοῖς
896 2852 977 2928 κατὰ
989 2859 1159 2927 θάλατταν
1169 2854 1232 2943 τὴν

285 2961 444 3044 ἐργασίαν
460 2960 698 3045 προῃρημένοις
715 2962 771 3026 καλ
780 2958 821 3026 τὰ
830 2955 959 3045 ἡμέτερ’
971 2955 1083 3025 αὐτῶν
1092 2960 1231 3041 ἐγχειρί-
1241 2969 1307 3026 1283

269 3062 401 3137 Χζυυσιν
417 3056 537 3141 ἑτέροις
554 3059 659 3122 ἐκεῖνο
673 3055 734 3139 μὲν
744 3064 884 3142 σαφοῦςε
885 3061 1006 3142 ίδέναι,
1027 3053 1106 3123 ὅτιδ
1119 3059 1231 3121 δανει-

283 3155 421 3240 ζόμενος
438 3155 475 3221 ἐν
493 3156 589 3220 παντὶ
599 3152 756 3238 προέχει
737 3182 840 3241 ημοιν
872 3154 985 3242 λαβων
994 3180 1058 3240 γαρ
1069 3152 1230 3239 ἀργύριον

284 3250 435 3339 φανερὸν
451 3254 506 3319 καὶ
523 3248 808 3339 ὁμολογούμενον,
830 3257 868 3321 ἐν
862 3257 1123 3373 γραμματειδίρι
1135 3256 1230 3319 δυυιν

281 3359 417 3437 χαλκοῖν
435 3352 607 3439 ἐωνημένῳ
624 3355 679 3420 καλ
694 3357 844 3441 βιβλιδίῳ
860 3358 966 3441 μικρῷ
978 3350 1138 3440 πάνυτὴν
1148 3349 1229 3438 δμο-

281 3457 397 3536 λογίαν
412 3453 624 3518 καταλέλοιπε
641 3458 702 3518 τοῦ
718 3451 869 3538 ποιήσειν
884 3475 925 3517 τοι
912 3448 1058 3518 δίκαια.
1090 3442 1225 3539 ἡμεῖςδ

280 3575 322 3617 ον
313 3547 442 3633 ’φαμὲν
454 3548 588 3634 δοόσειν,
604 3548 679 3617 ἀλλ’
692 3549 798 3628 εὐθὺς
808 3575 853 3638 τῳ
842 3552 1081 3640 δανειζομένῳ
1093 3556 1127 3618 δί
1114 3555 1227 3632 ίδομεν
1305 3578 1312 3591 ι

254 3645 316 3717 κτδ
330 3645 499 3732 ἀργύριον.
523 3658 571 3739 τῷ
585 3642 647 3718 οῦν
658 3649 736 3718 ποτὲ
746 3648 956 3728 πιστεύοντες
965 3651 1019 3718 καὶ
1028 3657 1063 3718 τί
1069 3647 1227 3735 λαβόντες
