3159 4409
280 516 344 582 ³80
394 513 777 593 [ΔΗΜΟΣΘΕΝΟῬΣ]
798 522 1039 586 ΠΡΟΟΙΜΙΑ.
1056 527 1123 585 LVI.

281 688 452 767 προσῆκον
463 679 551 749 εἶναι’
558 702 613 766 μοι
626 685 725 767 δοκεῖ,
738 680 776 750 τὸ
788 681 825 749 δὲ
834 680 878 768 μή
891 687 1119 770 βουλομένους
1130 684 1233 752 ἀκού-

280 807 330 849 ειν
343 782 516 867 βιάζεσθαι
531 787 699 859 παντελῶς
711 786 812 865 ἔγωγε
829 781 967 867 αἰσχρὰν
982 780 1131 869 ἡγοῦμαι
1142 781 1231 854 εἶναι.

278 877 369 966 οἶμαι
387 882 436 968 δὲ,
475 877 535 947 ε’ἀν
546 879 727 965 ἐθελήσητέ
735 905 791 965 μοι
803 886 983 948 πείθεσθαι
991 880 1155 968 τήμερον,
1178 883 1232 949 καὶ

275 978 316 1047 τά
327 982 478 1066 βέλτιστα
489 986 616 1065 μᾶλλον
625 975 712 1064 ὑμᾶς
724 980 858 1048 ἑλέσθαι
868 977 1075 1066 δυνήσεσθαι
1086 980 1142 1047 καὶ
1153 979 1231 1060 τούς
1264 1060 1267 1064 „

276 1085 345 1147 ’τόν
360 1077 612 1164 ἀναβαινόντων
628 1076 751 1163 λόγους
770 1084 902 1163 βραχεῖς
922 1078 1084 1164 ποιήσειν.
1116 1085 1151 1146 τί
1166 1071 1229 1146 ούν

276 1175 511 1264 συμβουλεύω;
532 1176 753 1262 πρῶτονμὲν,
776 1169 803 1243 ἀ
814 1174 934 1261 ἀνδρες
947 1174 1136 1262 Ἀθηναῖοι,
1156 1179 1230 1263 περὶ

275 1274 387 1345 αὐτῶν
398 1266 447 1342 οἷν
459 1285 607 1342 σκοπεῖτε
618 1271 678 1340 τόν
689 1270 851 1357 παριόντα
864 1274 972 1358 λέγειν
986 1270 1112 1352 ἀξιοῦν.
1147 1284 1229 1343 πολ-

275 1373 316 1442 λά
334 1371 399 1459 γάρ
418 1371 500 1440 ἀλλα
517 1398 565 1450 τις
583 1367 626 1439 ἀν
643 1375 813 1458 περιέλθοι
830 1377 875 1460 τῷ
893 1371 981 1462 λόγῳ
998 1375 1053 1441 καὶ
1071 1370 1165 1441 πόλλ’
1184 1367 1228 1441 ἀν

275 1472 386 1541 ἀστεῖα
397 1483 500 1559 ελποι,
518 1470 625 1551 ἀλλοις
635 1493 671 1539 τε
681 1469 859 1554 ιιαλοῗσιιερ
871 1471 1001 1539 τούτων
1010 1476 1095 1539 ἔνιοι
1106 1477 1227 1540 δεινόν
1234 1493 1286 1549 ιλιι

274 1571 391 1640 όντων.
411 1570 480 1640 ἀλλ’
493 1578 523 1640 ελ
530 1570 592 1657 μὲν
603 1570 759 1659 βημάτων
770 1567 865 1658 ἥκετε
876 1567 1109 1658 ἀκουσόμενοι,
1122 1577 1226 1646 ταῦτα

274 1673 447 1756 λέγεινκαὶ
457 1667 595 1737 ἀκούειν
610 1670 691 1757 χρή·
713 1675 744 1738 ελ
760 1668 794 1737 δ’
811 1667 895 1754 ὑπὲρ
913 1669 1119 1755 πραγμάτων
1134 1673 1227 1757 αἱρέ-

274 1789 357 1860 σεως
379 1770 655 1856 βουλευσόμενοι,
686 1767 771 1837 αύτά
794 1764 871 1838 καθ’
889 1765 989 1837 ἑαυτά
1011 1775 1163 1851 παραιυοῑ
1186 1768 1225 1836 τά

272 1869 447 1955 πράγματα
463 1867 508 1947 ἀς
524 1869 665 1954 μάλιστα
680 1873 824 1960 κρίνειν,
846 1866 1030 1955 ἀφελόντας
1046 1865 1123 1936 ὅσοι
1133 1868 1226 1952 λόγω

272 1966 462 2051 πεφύκασιν
472 1971 643 2045 ἐξαπατᾶν.
677 1969 786 2053 ἓνμὲυ
797 1960 970 2035 οὖντοῦτο
981 1968 1085 2054 λέγω,
1109 1968 1224 2036 δεύτε-

272 2090 334 2149 ρον
345 2065 392 2148 δὲ,
404 2063 425 2131 ό
434 2085 521 2131 τισιν
532 2073 611 2144 ἴσως
621 2064 811 2150 παράιλοξον
828 2073 919 2136 ἔσται
930 2067 1013 2153 πρός
1024 2065 1063 2135 τὸ
1073 2066 1152 2146 τούς
1162 2067 1224 2150 λό-

270 2190 353 2249 γους
362 2163 519 2244 ἑλάττους
527 2163 620 2251 εἶναι,
630 2172 824 2246 σιωπῶντας
833 2164 978 2236 ἀκούειν.
999 2168 1075 2252 περὶ
1086 2165 1223 2254 μὲνγὰρ

228 2313 232 2322 -
271 2271 333 2330 τού
343 2271 446 2332 ταῦτα
457 2260 479 2349 ἢ
489 2267 599 2335 ἐκεῖνα
610 2269 812 2354 συμφέρειν,
829 2271 885 2333 καὶ
896 2269 1019 2351 πότερα
1032 2267 1223 2351 δικαιότερα

272 2357 315 2430 ἀυ
326 2362 491 2452 προέλοιθ’
507 2361 524 2452 ἡ
538 2367 643 2452 πόλις,
657 2363 725 2435 οὔτ’
738 2369 799 2435 ελσὶ
810 2365 903 2452 λόγοι
913 2368 1030 2435 πολλοὶ
1040 2365 1085 2452 μή
1098 2372 1222 2451 βουλο-

271 2463 381 2547 μένοις
394 2463 502 2550 μάτην
522 2462 714 2551 ἀδολεσχεῖν
723 2465 801 2533 ούτε
813 2466 914 2534 πάλιν
923 2491 973 2544 τις
983 2460 1027 2532 ἀν
1038 2462 1165 2543 αύτούς
1175 2470 1222 2532 ελ-

271 2577 345 2628 πεῖν
356 2567 436 2648 ἔχοι·
462 2561 507 2642 ύς
524 2564 559 2632 δὲ
570 2567 624 2632 καὶ
636 2568 765 2632 δίκαιον
775 2562 913 2633 ἀκούειν
923 2565 977 2631 καὶ
988 2560 1073 2646 πρὸς
1084 2561 1222 2629 τάνθό-

270 2667 375 2746 ρυβον
387 2658 628 2748 ἀποκρίνεσθαι
640 2668 694 2733 καὶ
705 2663 808 2751 λόγον
821 2667 857 2733 ἐκ
869 2664 973 2748 λόγου
984 2664 1105 2748 λέγειν,
1112 2657 1222 2742 οὐδεὶς

269 2753 357 2838 ὅστις
367 2756 441 2846 ούχλ
452 2760 577 2830 δύναιτ’
589 2761 640 2829 ἀν.
671 2767 707 2831 ἐκ
727 2766 762 2832 δὲ
780 2772 842 2832 τοῦ
858 2770 1020 2849 θορυβεῖν
1037 2759 1102 2830 ούιι
1112 2759 1220 2829 ἀπαλ-

268 2856 427 2925 λάττεσθε
441 2858 571 2948 λόγων,
594 2859 678 2929 ἀλλά
696 2866 750 2931 καὶ
767 2865 842 2948 περὶ
859 2870 927 2931 τοῖν
937 2862 1037 2929 οὐδὲν
1049 2866 1095 2940 εἰς
1106 2867 1221 2947 χρείαν

267 2955 534 3042 ἐπαυαγαάζεσθε
552 2956 696 3028 ἀκούειν.
734 2959 755 3049 ἡ
772 2961 834 3049 μὲν
853 2953 916 3030 ούν
932 2959 991 3047 ἐμὴ
1008 2959 1127 3047 γνώμη
1145 2960 1220 3046 περὶ

268 3044 315 3121 ἀν
326 3054 530 3140 βουλεύεσθε
541 3054 596 3146 ἥδ’
609 3061 705 3127 ἐστίν.
