3159 4409
240 498 242 503 ’
270 499 311 563 20
462 500 551 556 xufl.
587 490 1004 555 ΔΗΜΟΣΘΕΝΟΤΣ

270 653 300 731 οἶ
328 659 447 743 ἄνδρες
476 654 640 738 δικασταὶ,
668 654 724 720 καλ
751 648 790 717 τδι
814 655 923 719 δίκαια
947 648 1085 736 είρηκοδς
1107 651 1222 734 δέομαι

269 763 437 847 βοηθῆσαί
455 779 511 840 μοι
528 755 582 820 καί
598 752 644 838 μή
663 776 703 837 με
721 752 961 836 περιελαθέντα
978 754 1137 837 περιιδεῖν
1154 745 1220 815 ὑπὸ

272 881 410 925 τουτων.

583 1164 586 1178 ι
702 1093 790 1149 xmn.

328 1246 461 1314 6606
485 1215 811 1312 κιπιενλοοοι
835 1235 955 1305 Πκει
977 1233 1158 1302 ΑΓΝιον

639 1355 845 1426 ΚΛΗΡον.

599 1517 895 1578 ΥΠΟΘΕΣΙΣ.

264 1645 361 1765 Ἀγνί
359 1686 393 1736 ας
347 1663 462 1724 ίκαὶ
463 1617 607 1764 Εόβονλί
605 1653 694 1743 δης
673 1682 751 1767 ήσαν
768 1658 897 1743 ἀνεψιοί.
928 1652 1040 1722 τούτων
1059 1656 1092 1719 δὲ
1102 1652 1222 1738 Ἁγνίας

268 1741 477 1846 ἐτελεύτησεν”
459 1766 561 1818 απαις·
578 1771 595 1808 ο
581 1739 639 1809 δ
650 1750 837 1846 Ἑλιβουλίδης
845 1744 998 1848 θυγατέρα
1009 1739 1142 1844 κατέλιμε
1157 1747 1221 1803 Φυ-

268 1825 414 1930 λομόχην,
434 1824 498 1908 ήτις
515 1826 695 1905 ἐπεδικόζετο
711 1834 763 1893 τοῦ
780 1825 908 1927 κλήρου
908 1851 959 1889 τον
947 1823 1052 1907 Ἆγνί
1051 1849 1086 1887 ον
1098 1820 1136 1899 ὦς
1148 1813 1222 1888 οὖσα

268 1909 455 2014 ἐγγύτατα
425 1918 467 1974 τῶ
478 1912 567 2018 γένει.
599 1906 806 1995 ἠμφισβήτουν
824 1912 856 1974 δὲ
872 1902 947 2012 αὕτη
934 1905 1092 1982 Γλαῦκός
1109 1933 1153 1982 τις
1170 1909 1222 1970 καί

269 1992 429 2099 Γλαύκων,
453 1993 508 2058 οόκ
519 1989 665 2081 όγχιστεία
675 1997 794 2078 γένους,
816 1989 892 2057 ἆλλδι
904 1971 1065 2076 διαθήκαις
1076 1989 1220 2074 ίσγυριζό

269 2103 359 2181 μενοι.
393 2103 435 2140 ιον
446 2079 478 2141 ἔν
488 2100 529 2141 τοι
517 2058 696 2169 δικαστήρί
691 2080 879 2183 ῳψευδῶνί
879 2083 1055 2185 γχθεισων
1066 2083 1220 2178 παραλαμ

269 2143 565 2266 βόγειτδνκλῆρόνή
575 2143 747 2266 Φυλομάχη
778 2158 905 2226 εἰσιώνδ
931 2157 1221 2262 ὃθεόπομπος,αυ-

199 2263 204 2272 ‘
269 2243 338 2321 νοός
353 2268 383 2308 τε
399 2242 518 2321 τούτους
534 2241 602 2321 τοὺς
619 2242 799 2328 ἡττωμένους
815 2242 997 2329 παραλαβὼν
1008 2245 1059 2306 καὶ
1069 2239 1143 2327 πρός
1153 2239 1220 2317 τρό-

270 2354 330 2405 τοις
341 2323 531 2410 Εὐπόλεμον,
553 2331 796 2436 προσεκαλέσατο
796 2333 838 2406 εἰς
847 2333 1034 2393 διαδικασίαν
1044 2353 1097 2392 του
1083 2325 1221 2411 κλήρου

269 2408 324 2496 τήν
338 2414 530 2518 Φυλομάχην·
552 2409 699 2478 ἐδίδου
665 2439 722 2497 γαρ
733 2411 748 2478 ό
760 2413 889 2499 νόμος
858 2440 899 2477 τοι
887 2415 1079 2500 βουλομένῳ
1089 2427 1220 2495 προσκα-

270 2493 432 2560 λεισθαι
403 2524 454 2563 τον
469 2496 642 2601 νενικηκότα
653 2524 703 2561 και
693 2497 854 2600 ’ἔχοντα’
826 2524 877 2561 τον
888 2506 1006 2582 κλήρου.
1039 2515 1219 2559 κατασκευα-

270 2583 389 2685 σθείσης
400 2583 431 2644 δὲ
440 2575 513 2665 πρός
524 2575 640 2684 όπότγν
651 2589 701 2664 τής
712 2578 840 2662 δίκης,
817 2608 855 2656 ως
865 2602 939 2686 μησι
949 2586 1108 2686 Σωρίθεος,
1122 2581 1219 2660 ἐνίκη-

270 2683 346 2727 σενο
335 2661 538 2766 “Θεόπομπος.
572 2664 707 2739 κακεῖνος
717 2666 770 2768 μὲν
781 2664 960 2746 ἐτελεύτησεν
970 2661 1037 2728 υίόν
1048 2661 1219 2728 καταλιπόν
1230 2673 1292 2726 1056

269 2744 487 2851 Μακάρτατον·
507 2774 542 2858 τη
532 2749 592 2811 δὲ
606 2746 766 2833 Φυλομάχη
769 2751 906 2852 γίγνεται
915 2771 1000 2828 παις,
1012 2733 1057 2812 όν
1055 2742 1219 2857 ὠνόμασεν

269 2825 458 2935 Εὐβουλίδην
475 2857 525 2895 και
515 2834 717 2912 εἰσεποίησεν
733 2858 752 2894 ν
754 2825 801 2894 [bv
796 2828 981 2935 Εὐβουλίδη
998 2839 1039 2917 τῷ
1051 2835 1159 2934 ἕαυτής
1164 2835 1219 2915 μὲν

247 2940 249 2945 ’
268 2917 371 2999 πατρί,
389 2910 510 3001 -ἆνεψιηό
529 2915 561 2978 δὲ
571 2911 691 3019 Ἁγνίου
706 2920 759 2978 τοῦ
775 2910 829 2978 τόν
845 2923 954 3019 κλῆρον
965 2895 1216 2994 καταλελοιπότος

269 2995 459 3106 ελομοιήσασα
475 2978 507 3062 δὲ
524 2995 676 3100 εἰσήγαγεν
686 3001 726 3073 είς
736 3023 804 3074 τους
815 2999 1019 3104 φρότεραςτον
1006 2997 1217 3083 Εὐβουλίδου

218 3160 221 3165 ,
269 3106 320 3144 και
309 3078 460 3186 “Αγνίου,
482 3085 532 3147 καί
549 3087 579 3145 οί
593 3078 738 3186 φράτερες
744 3079 907 3160 ἐδέξαντο
888 3111 927 3159 ως
938 3087 1057 3160 δικαίοις
1068 3085 1216 3187 εἰσαγόμε-

269 3189 330 3228 νον.
357 3165 468 3231 τούτων
480 3167 512 3232 δὲ
521 3160 738 3268 πραχθέντων’
724 3190 739 3229 ο
750 3175 821 3241 παις
832 3170 872 3242 εἰς
883 3172 1071 3232 διαδικασίαν
1080 3195 1132 3233 του
1119 3166 1215 3251 κλή-

269 3244 1214 3464 {sssssffssffssssfissssss'fflssfffflss235²}22¹³323⁶&

856 3364 874 3418 η
937 3363 956 3399 υ
1009 3363 1071 3412 ιος

351 3505 477 3594 Ἐπειδὴ
488 3513 541 3578 καί
551 3510 715 3596 πρότερον
724 3509 851 3597 ἀγῶνες
859 3513 1038 3598 ἐγένοντο
1018 3531 1106 3604 ημιν,
1119 3542 1144 3583 ω
1154 3516 1217 3585 66-

270 3609 345 3690 δρες
356 3610 514 3694 δικασταί,
526 3610 608 3697 πρὸς
616 3610 695 3690 τούς
704 3610 827 3690 αὐτούς
835 3612 973 3694 τούτους
982 3615 1217 3702 περίτοῦκλή·

270 3727 333 3788 ρον
348 3712 410 3775 τοῦ
416 3704 563 3796 Ἁγνίου,
586 3713 640 3779 καλ
657 3709 757 3779 οὐδὲν
773 3711 936 3780 παύονται
947 3721 1217 3799 παρανομοῦντες
