3159 4409
311 482 354 546 ω
439 558 442 577 Ι
513 482 605 539 xmv.
646 475 1064 559 ΔΗΜοΣοεΝονε
1150 508 1152 510 -

226 720 228 727 ⁴
313 651 374 712 τοῦ
386 645 689 728 διαμαρτυροῦντος
697 637 868 724 βούλησιν.
890 635 1004 723 διόπερ
1016 635 1105 724 οἶμαι
1113 642 1184 706 δεῖν
1191 664 1266 708 κον-

313 739 394 820 νοδς
404 738 552 826 ίχδροδς
568 734 646 815 τούς
662 735 835 814 τοιούτους
851 734 1054 820 ἀνθρώπους
1069 735 1267 825 ὑπολαμβά-

313 866 386 908 νειν
397 839 499 907 πᾶσιν
510 836 610 922 εἶναι,
623 838 678 904 καὶ
689 838 852 921 μηδέποτε
863 834 1038 920 τυγχάνειν
1049 833 1171 914 αότοδς
1182 829 1268 922 συγ-

254 973 256 978 ·
313 938 446 1024 γνάμης
467 935 729 1021 ἀγωνιζομένους
747 933 828 1020 παρ’
846 932 941 1021 ὑμῖν·
965 935 1186 1021 προελόμενος
1201 934 1266 1022 γάρ

313 1038 451 1114 ἕκαστος
469 1034 581 1102 αὐτων
599 1033 658 1102 τόν
675 1038 710 1101 ἐκ
727 1039 788 1100 τοῦ
810 1036 1074 1121 διαμαρτυρῆσαι
1093 1040 1265 1121 κίνδυνον,

314 1133 376 1203 οὐκ
388 1132 610 1219 ἀναγκασθεὶς
622 1137 806 1219 είσίρχεται.

269 1253 305 1306 60
325 1233 327 1236 ⁴
388 1232 459 1303 ’Ότι
475 1235 537 1320 μὲν
553 1225 618 1300 οὖν
632 1229 654 1319 η
673 1237 892 1317 διαμαρτυρία
908 1231 1034 1320 ψευδής
1051 1235 1134 1319 ἐστι,
1155 1235 1212 1301 καλ
1227 1235 1267 1308 ἐκ

312 1341 380 1401 τῶν
391 1333 628 1418 γεγραμμένων
640 1330 694 1398 καὶ
705 1332 740 1397 ἐκ
751 1336 821 1396 των
832 1333 1014 1416 είρημίνων
1025 1331 1135 1416 λόγων
1145 1331 1267 1416 σχεδόν

311 1430 456 1517 ἀκριβεῖς
473 1429 694 1523 μεμαθήκατε.
730 1426 780 1496 ὅτι
798 1428 834 1496 δὲ
850 1433 905 1496 καλ
922 1434 956 1497 οί
970 1429 1083 1516 νόμοι,
1109 1422 1137 1497 ά
1146 1430 1267 1516 ἀνδρες

313 1530 477 1610 δικασταὶ,
499 1525 579 1614 ἡμῖν
599 1525 661 1615 τὴν
682 1535 908 1613 κληρονομίαν
928 1524 1140 1613 ἀποδιδόασι,
1163 1526 1263 1595 τοῦθ’

311 1625 398 1714 ὑμᾶς
410 1627 464 1693 διά
475 1628 626 1712 βραχέων
637 1626 802 1711 βούλομαι
813 1627 956 1712 διδάξαι,
979 1627 1040 1713 οὐχ
1051 1625 1096 1706 ἀς
1107 1626 1150 1695 οὐ
1160 1654 1268 1714 μεμα-

311 1727 458 1812 θηκότας
475 1727 530 1792 καλ
541 1728 578 1792 ἐν
588 1739 656 1802 τοῖς
666 1727 704 1791 ἐν
714 1723 798 1812 ἀρχῇ
809 1729 1005 1811 εἰρημένοις,
1028 1723 1170 1794 ἀλλ’ἵνα
1180 1733 1267 1812 μᾶλ-

312 1832 373 1893 λον
394 1819 477 1908 πρός
494 1820 556 1907 την
571 1822 700 1888 τούτων
714 1827 937 1907 ψευδολογίαν
951 1821 992 1889 τά
1011 1828 1119 1891 δίκαια
1135 1849 1267 1910 μνημο-

270 1921 437 2008 σινεόητε.
471 1921 508 1988 τό
526 1920 590 2004 γάρ
608 1919 770 2005 σύνολον,
793 1919 1065 2009 όντεςἏρχιάδη,
1089 1913 1133 1989 οὖ
1143 1926 1236 1998 ἐστιν
1246 1919 1265 1993 ὁ

312 2028 434 2106 κλῆρος
444 2015 566 2104 οὑτοσὶ,
580 2015 663 2101 πρὸς
673 2017 808 2104 ἀνδροῖν
818 2019 902 2088 κατά
912 2024 1009 2105 γένος
1019 2021 1198 2108 ἐγγυτάτω,
1211 2022 1266 2088 καὶ

312 2126 369 2205 τῆς
379 2118 551 2203 ποιήσεως,
563 2114 607 2203 ἣν
619 2119 743 2195 ἐκεῖνος
752 2117 939 2204 ἐποιήσατο,
955 2127 1024 2186 τοῖν
1034 2118 1095 2205 μὲν
1105 2121 1267 2204 ἐπανελη-

312 2217 468 2285 λυθότων
479 2221 524 2294 είς
534 2213 594 2284 τόν
604 2216 976 2306 πατρῷονοίκον,τούδ’
984 2221 1268 2305 ἐγκαταλειφθέν-

312 2341 367 2394 τος
378 2313 516 2394 άπαιδος
526 2315 808 2401 τετελευτηκότος,
820 2318 948 2386 τούτων
960 2317 993 2386 δ’
1005 2318 1111 2398 οὕτως
1122 2319 1267 2404 ἐχόντων

270 2433 304 2489 62
313 2414 469 2502 ἀξιοῦμεν
487 2423 722 2503 κληρονομεῖν»,
744 2416 1036 2503 οὐδεμίαν-οὐσίαν
1045 2416 1266 2503 Λεωστράτου

312 2513 511 2601 ἀφελόμενοι
522 2506 630 2602 (οὗτοι
640 2515 702 2601 μὲν
712 2514 775 2599 γάρ
787 2514 846 2595 τάς
857 2519 985 2584 ἕαυτοῐν
995 2522 1130 2603 ἔχουσι),
1141 2524 1199 2602 τῆς
1209 2513 1264 2584 ὑπ’

308 2611 481 2698 Ἀρχιάδου
500 2615 536 2681 δὲ
551 2623 828 2700 καταλειφθείσης
845 2618 901 2683 καὶ
911 2615 1013 2702 οὔσης
1023 2619 1059 2683 ἐκ
1069 2624 1137 2683 των
1148 2615 1265 2701 νόμων

311 2709 476 2798 ἡμετέρας.
511 2709 529 2779 ὁ
547 2711 611 2796 γάρ
630 2712 747 2798 νόμος,
771 2707 934 2800 ἀάνδρες
950 2716 1114 2801 δικασταὶ,
1135 2715 1265 2784 κελεύει

311 2825 444 2898 κρατεῖν
460 2808 538 2889 τοδς
548 2809 691 2896 ἀρρενας
701 2814 756 2880 καλ
766 2809 846 2891 τούς
855 2817 891 2880 ἐκ
901 2821 970 2881 τῶν
981 2810 1148 2900 ἀρρένων·
1169 2805 1264 2881 οὗτοι
1272 2829 1310 2887 10!

240 2924 243 2932 ’
309 2910 343 2979 δ’
358 2908 451 2997 ἡμεῖς
467 2910 573 2994 ἐσμέν.
608 2907 671 2978 οάκ
687 2903 774 2997 ἦσαν
783 2918 900 2979 τοίνυν
911 2915 1164 2999 παίδεςέκείνῳ·
1185 2916 1222 2980 οί
1229 2909 1265 2983 δ’,

267 3034 301 3088 63
310 3007 559 3095 ἀγχιστεύοντες
574 3004 667 3094 ἡμεῖς
685 3012 792 3095 ἐσμέν.
826 3009 927 3079 ἔπειτ’
947 3010 988 3079 οά
1006 3015 1136 3078 δίκαιον
1153 3011 1288 3097 δήπου’

309 3107 369 3175 τὸν
379 3104 516 3195 ποιητδν
527 3105 604 3176 νίόν
612 3105 770 3194 ποιητοὺς
779 3111 911 3195 ἑτέρους
921 3110 1075 3196 είσάγειν,
1083 3106 1151 3177 ἀλλ’
1163 3112 1265 3194 ἐγκα-

308 3213 473 3274 ταλείπειν
494 3209 555 3292 μὲν
576 3211 811 3296 γιγνομένους,
833 3207 916 3277 ὅταν
937 3208 973 3276 δὲ
990 3207 1080 3275 τοῦτ’
1101 3211 1262 3295 ἐπιλείπη,

308 3318 376 3381 τοῖς
391 3308 522 3388 γένεσιν
538 3304 736 3375 ἀποδιδόναι
752 3306 811 3386 τάς
826 3313 1062 3393 κληρονομίας·
1080 3315 1184 3374 ταῦτα
1195 3304 1262 3391 γάρ
1302 3377 1304 3381 ,

309 3405 343 3469 οί
356 3400 454 3486 νόμοι
465 3404 669 3471 κελεύουσιν.
704 3407 772 3473 ἐπεὶ
783 3413 854 3483 πως
864 3402 926 3472 οὐκ
938 3405 1114 3472 ίκκλείετάι
1125 3399 1171 3483 εἷς
1181 3406 1262 3473 ἕκα-
1280 3456 1282 3461 .

309 3519 384 3577 στος
395 3497 491 3585 ὑμῶν
501 3510 558 3587 τῆς
568 3501 651 3571 κατά
663 3507 757 3587 γένος
768 3502 968 3589 ἀγχιστείας,
993 3501 1153 3582 όταντοῑς
1164 3527 1261 3588 ποιη-

307 3595 405 3687 τοϊςὴ
418 3599 511 3668 ἀδεια
522 3601 605 3688 αὕτη
617 3607 706 3691 δοθῇ
713 3631 722 3684 3
746 3600 846 3686 δράτε
857 3599 920 3686 γάρ
931 3601 983 3670 ότι
993 3617 1063 3681 ταῖς
1073 3609 1262 3681 κολακείαις

290 3752 292 3754 .
308 3701 341 3764 οί
348 3706 492 3766 πλεῖστοι
501 3701 799 3787 ψυχαγωγούμενοι
807 3702 861 3768 καλ
869 3699 1261 3787 ταίςπρδςτοδςοίκείους
