3159 4409
351 456 354 470 '
439 579 443 597 Ι
515 487 659 549 xm
680 487 1029 552 ευαυκαουε.
1205 489 1246 555 οι

269 678 286 732 ς
376 645 431 729 Ὡς
447 659 564 717 τοίνυν
579 650 635 716 καὶ
650 645 724 734 παρ’
742 649 858 732 ἕτερον
873 649 980 734 νόμον
996 651 1248 738 μεμαρτύρηκεν

294 751 451 829 ἐπιδείξαι
463 746 544 835 ὑμίν
554 748 734 835 βούλομαι,
751 751 809 814 ἵνα
820 751 928 833 εἰδῆτε
945 746 997 816 ὅτι
1007 748 1162 834 μεγάλων
1173 747 1248 818 ἀδι-

294 849 452 935 κημάτων
464 844 528 915 οὐκ
538 853 623 932 ἔχων
637 843 837 932 καταφυγήν
853 843 872 913 δ
885 852 1059 933 Φορμίων,
1077 847 1248 932 πρόφασιν

294 943 409 1033 λαβάν
422 946 509 1033 λόγω
519 943 583 1032 τήν
593 945 786 1033 πρόκλησιν,
805 951 891 1034 ἔργῳ
904 943 1005 1024 αύτδς
1020 941 1110 1036 αύτῷ
1122 971 1249 1032 μεμαρ-

293 1045 416 1130 τύρηκε
429 1044 701 1131 προστησάμενος
710 1043 861 1127 τούτους,
874 1042 913 1111 δι’
924 1037 974 1112 άν
985 1049 1020 1113 oc
1027 1046 1090 1131 μὲν
1100 1047 1250 1113 δικασταί

294 1144 548 1230 ἐξηπατήθησαν
561 1141 605 1222 ὡς
615 1141 727 1228 ἀληθῆ
739 1139 870 1223 τούτων
885 1146 1165 1230 μαρτυρούντων,
1184 1142 1248 1230 ἐμοὶ

293 1240 329 1308 δὲ
352 1237 586 1328 ἀπεστερήθην
602 1233 652 1308 οἷν
669 1237 687 1307 ὁ
706 1241 814 1326 πατήρ
832 1266 888 1327 μοι
904 1244 1056 1310 κατέλιπε
1073 1243 1250 1329 χρημάτων

292 1341 348 1407 καλ
364 1346 425 1406 τοῦ
441 1343 538 1425 δίκην
555 1345 670 1425 λαβεῖν
686 1340 761 1422 περὶ
778 1330 828 1406 οἷν
843 1338 1029 1426 ἀδικοῦμαι.
1069 1355 1250 1429 μαρτυρεῖν

292 1437 357 1524 γάρ
369 1442 402 1506 oc
412 1438 511 1524 νόμοι
522 1436 584 1506 ούκ
595 1441 694 1506 ἐῶσιν
704 1437 809 1506 αὐτὸν
828 1435 919 1528 αὐτῷ
934 1436 1002 1507 οὔτ’
1014 1441 1068 1506 ἐπὶ
1079 1454 1150 1519 ταῖς
1166 1466 1249 1524 μρκ-
1313 1460 1316 1470 “

244 1539 247 1548 “
292 1551 371 1621 φαίς
396 1533 461 1602 οὔτ’
488 1539 540 1602 ἐπὶ
561 1550 632 1613 ταίς
653 1540 759 1612 δίκαις
781 1532 849 1602 οὔτ’
868 1539 906 1604 ἐν
928 1549 998 1615 ταῖς
1020 1534 1190 1617 εὐθύναις.
1229 1534 1248 1605 6

290 1642 411 1703 τοίνυν
432 1641 589 1723 Φορμίων
609 1631 708 1712 αὐτὸς
734 1631 825 1723 αύτῷ
850 1635 1119 1722 μεμαρτύρηκεν,
1148 1626 1248 1704 ὁπότε

290 1736 399 1820 φασὶν
420 1725 513 1801 οὗτοι
534 1730 735 1810 ἀκούσαντες
756 1734 888 1800 ἐκείνου
913 1740 1017 1801 ταῦτα
1035 1759 1247 1822 μεμαρτυρη-

250 1836 394 1905 1οκέυαι.
435 1834 542 1911 ἴναδὲ
559 1835 666 1919 είδήτε
684 1827 844 1918 ἀκριβεῖς,
868 1828 974 1900 αύτδν
989 1831 1049 1900 τὸν
1065 1831 1173 1918 νόμον
1189 1858 1247 1919 μοι

289 1931 475 2018 ἀνάγνωθι.

678 2052 857 2115 ΝΟΜΟΣ.

376 2171 465 2269 [Τοῖν
476 2159 639 2230 ἀντιδίκοιν
649 2161 811 2248 ἐπάναγκες
828 2152 939 2226 εἶναι’
921 2184 1019 2244 αποκρ
1019 2164 1144 2225 ίνασθαι
1154 2156 1244 2244 ἀλλή-

336 2259 397 2326 λοις
407 2275 439 2313 το
426 2246 645 2335 ἐρωτώμενον,
657 2271 816 2333 μαρτυρειν
827 2247 859 2309 δ
868 2246 930 2326 μη]

367 2376 558 2457 Σκέψασθε
574 2379 690 2441 τοίνυν
705 2370 907 2441 τουτονὶτον
923 2368 1045 2453 νόμον,
1064 2366 1100 2447 ὃς
1115 2372 1244 2439 κελεύει

292 2473 522 2555 ὑποδίκους
491 2498 576 2542 ειναι
597 2478 666 2539 τάνυ
688 2472 986 2557 ψευδομαρτυριῶν
1004 2469 1060 2533 καί
1076 2466 1204 2535 κατ”
1161 2467 1242 2537 αυτδ
1254 2489 1322 2543 1132

289 2582 401 2662 τοῦτο,
413 2572 465 2643 ὅτι
475 2582 638 2659 μαρτυρεῖ
648 2567 738 2656 παρά
749 2567 811 2636 τδν
825 2566 941 2653 νόμον.

679 2707 884 2774 ΝΟΜΟΣ.

364 2817 482 2922 ΓἘστω
500 2779 532 2882 δὲ
543 2820 594 2882 καὶ
603 2815 797 2894 ὑπόδικος
756 2844 816 2882 των
833 2815 1121 2922 ψευδομαρτυριῶν
1108 2844 1124 2882 ο
1134 2842 1246 2923 μαρτν-

304 2899 427 2988 ρήσας
438 2902 529 2966 αὐτοῦ
539 2900 653 3006 τούτου,
671 2899 716 2966 ότι
726 2911 871 3004 μαρτυρεῖ
876 2897 957 2987 παρὰ
968 2928 1019 2967 τον
1030 2899 1136 2983 νόμον·
1167 2895 1245 2966 καὶὸ

334 2983 552 3093 προβαλόμενος
563 2981 637 3050 κατά
648 2979 749 3050 ταάτα
732 2983 767 3067 J

248 3142 280 3194 11
370 3108 438 3178 'Eu
453 3116 570 3178 τοίνυν
585 3106 651 3178 κάν
669 3108 733 3178 ἀπὸ
751 3119 814 3178 τού
829 3118 1054 3199 γραμματείου
1071 3115 1167 3196 γνοίη
1184 3084 1242 3196 τις,

291 3200 367 3277 ἐν
339 3235 366 3296 ῳ
378 3234 398 3295 η
386 3205 574 3293 ’μαρτυρία
584 3210 781 3296 γέγραπται,
798 3207 852 3278 ἀτί
860 3237 900 3278 τα
889 3208 1020 3295 ψευδῆ
1032 3209 1244 3297 μεμαρτύρη-

284 3302 358 3377 κεν.
382 3309 630 3394 λελευκωμένον
642 3309 752 3394 τενάρ
765 3310 898 3378 ἐστικαὶ
915 3317 1054 3377 οίκοδευ
1065 3327 1244 3376 κατεσκευ-

289 3409 445 3495 ασμένον.
474 3413 580 3475 καίτοι
596 3405 743 3494 τούςμὲν
754 3405 795 3476 τά
807 3409 1021 3492 πεπραγμένα
1031 3414 1244 3492 μαρτυρούν-

289 3532 348 3584 τας
358 3505 520 3593 προσήκει
531 3515 669 3574 οἴκοθεν
677 3505 736 3585 τάς
746 3511 930 3592 μαρτυρίας
939 3510 1243 3592 κατεσκευασμένας

289 3617 479 3690 μαρτυρεῖν,
489 3604 568 3683 τούς
579 3605 613 3674 δὲ
623 3603 682 3685 τάς
692 3605 890 3690 προκλήσεις
899 3612 1150 3693 μαρτυροῦντας
1163 3599 1243 3679 τοὺς

289 3700 355 3771 ἀπὸ
376 3700 584 3791 ταύτομάτου
605 3703 814 3790 προστάντας
830 3705 868 3772 ἐν
883 3701 999 3792 μάλθη
1010 3702 1243 3790 γεγραμμένην
1341 3746 1345 3753 ⁴
