3159 4409
539 481 688 543 ΙΠΡΟΣ
705 482 1000 549 ΣΠΟΤΔΙΑΝ.
1227 488 1248 551 9

397 717 399 721 ,
652 648 895 716 MAPTYPIA.

251 762 284 819 ογ
380 749 462 820 Πῶς
473 733 536 809 ούν
548 738 648 809 οὐδὲν
660 746 796 809 ἔλαττον
806 745 885 826 ἔχει,
905 745 1005 830 φήσει
1016 771 1081 829 τις,
1099 747 1247 838 εἰτούτφ

293 841 356 927 μὲν
374 845 413 910 ἐν
429 856 501 921 ταῖς
517 841 758 926 τετταράκοντα
775 855 872 926 μναλς
887 844 1055 929 ἐνετιμᾶτο
1072 842 1111 912 τά
1128 854 1259 932 χρυσία·

294 942 349 1007 καὶ
367 939 408 1007 τά
426 939 538 1028 ίμάτια
554 949 623 1009 τῶν
639 947 769 1025 χιλίων,
791 942 864 1025 ἐμοὶ
880 939 913 1007 δ’
927 946 964 1009 αί
973 944 1052 1010 δέκα
1061 958 1144 1028 μναῖ
1149 948 1247 1029 χωρὶς

293 1044 597 1123 προσαπεδίδοντος
619 1049 717 1107 τοῦτο
735 1038 775 1125 δή
794 1041 849 1106 καὶ
865 1044 972 1125 μέλλω
994 1047 1109 1126 λέγειν.
1143 1040 1162 1110 ὁ
1185 1044 1247 1129 μὲν

292 1136 360 1224 γάρ
372 1142 554 1225 Σπουδίας,
569 1131 596 1205 ῶ
608 1137 728 1224 ἄνδρες
739 1140 903 1224 δικασταὶ,
916 1122 1005 1225 ιίαρά
1016 1148 1078 1207 τοῦ
1087 1140 1246 1224 Λεωκρά-
1324 1167 1326 1170 ·

292 1263 374 1317 τους
381 1242 525 1324 έχουσαν
534 1236 574 1305 τά
585 1249 703 1323 χρυσία
715 1234 821 1304 καὶτὰ
833 1237 944 1322 ἱμάτια
959 1237 1021 1324 τήν
1031 1238 1157 1323 γυναῖκ’
1169 1244 1246 1307 έλα-

293 1343 374 1430 βεν,
396 1330 445 1404 ύν
461 1334 703 1416 ὁΠολύευκτος
713 1342 977 1422 προσαπετίμησε
995 1346 1041 1422 τῶ
1056 1334 1245 1420 Λεωκράτει

293 1431 430 1521 πλείνή
450 1440 568 1521 χιλίας·
601 1433 664 1519 ἐγῶ
688 1433 732 1519 δ’,
754 1433 840 1515 άπερ
862 1437 988 1519 ἔπεμψέ
1002 1461 1059 1519 μοι
1073 1439 1171 1519 χωρὶς
1187 1444 1245 1523 τής

293 1530 448 1618 προικὸς,
472 1531 524 1602 δυ’
538 1537 600 1618 ἔχω
618 1533 724 1619 μόνον
741 1530 825 1617 πρὸς
842 1530 882 1598 τά
900 1531 1005 1622 τούτφ
1024 1537 1168 1602 δοθέντα
1184 1534 1244 1603 ἐὰν

293 1638 377 1719 τιθῇ
384 1657 448 1716 τις,
471 1629 606 1718 εὑρήσει
623 1631 849 1718 παραπλήσια,
870 1633 969 1716 χωρὶς
984 1639 1052 1699 τῶν
1069 1639 1115 1711 είς
1125 1632 1183 1712 τάς
1192 1661 1244 1720 χι-

249 1736 370 1809 κολίας
384 1727 667 1819 ἀποτιμηθέντων.
703 1728 777 1797 ὥστ’
795 1729 927 1808 εἰκότως
944 1732 982 1797 ἐν
1002 1744 1072 1809 ταῖς
1087 1733 1244 1815 τετταρά-

294 1854 399 1898 κοντα
415 1846 512 1917 μναῖς
529 1835 697 1916 ἐνετιμᾶτο
714 1827 828 1913 ταῦθ’,
850 1828 935 1915 άπερ
953 1826 1180 1917 άπετετιμήκει
1196 1839 1244 1922 τῷ

292 1930 484 2014 Λεωκράτει
502 1931 557 1998 καὶ
576 1936 676 1997 πλείω
694 1937 762 1996 τῶν
773 1930 845 2015 ἐμοὶ
856 1922 1089 2015 δοθέντωνήν.
1122 1937 1179 1998 καί
1187 1956 1244 2016 μοι

291 2030 374 2116 λαβὲ
385 2037 518 2114 πρῶτον
528 2028 589 2115 μέν
599 2028 661 2114 τήν
672 2025 871 2114 ἀπογραφήν
882 2028 1017 2113 ταυτηνὶ
1029 2031 1084 2095 καὶ
1095 2031 1168 2113 λέγε
1180 2027 1243 2103 αύ-

291 2142 362 2206 τοϊς
375 2125 459 2214 άπερ
472 2127 623 2214 ἑκάτερος
633 2123 729 2213 ήμῶν
740 2131 822 2212 έχει,
842 2125 922 2213 μετά
937 2125 972 2194 δέ
987 2134 1092 2193 ταῦτα
1106 2128 1243 2212 τὴντῶν

292 2229 470 2312 διαιτητῶν
481 2232 675 2312 μαρτυρίαν,
689 2222 730 2293 ἵν’
744 2229 877 2293 εἰδῶσιν
889 2224 939 2293 ὅτι
950 2228 1006 2293 καὶ
1016 2232 1129 2314 πολλῷ
1141 2235 1242 2295 πλείω

290 2323 427 2410 χρήματ’
438 2329 520 2410 ἔχει,
544 2328 598 2392 καλ
616 2326 691 2406 περὶ
708 2320 1074 2410 τούτωνόΛεωκράτης
1085 2327 1241 2412 ἐνεκάλει,

290 2424 346 2490 καί
358 2419 442 2490 κατά
453 2428 556 2490 ταῦτα
567 2428 718 2508 ἔγνωσαν
727 2427 762 2489 οί
770 2426 937 2507 διαιτηταί.
961 2425 1044 2507 λέγε,

422 2540 424 2546 “
507 2527 763 2589 ΑΠΟΓΡΑΦΗ.
784 2515 1025 2589 ΜΑΡΤΤΡΙΑ.
1251 2528 1318 2584 1037

247 2643 280 2696 29
370 2611 437 2704 Ἆρ’
449 2612 514 2687 ούν
525 2618 566 2687 ού
578 2628 732 2707 φανερῶς
748 2612 847 2699 οὗτος
857 2620 918 2706 μὲν
929 2626 992 2705 ἔχει
1002 2621 1241 2705 τετταράκοντα

289 2726 378 2805 μναῖς
388 2716 491 2786 πάλαι
502 2716 563 2805 τήν
572 2733 711 2804 προλκα,
725 2717 787 2804 ε’γῶ
802 2721 837 2787 δέ
849 2718 907 2798 τάς
919 2720 979 2806 μὲν
990 2719 1167 2804 τριάκοντα
1179 2749 1241 2790 κα-

286 2817 401 2900 θάπερ
420 2815 551 2901 οὑτοσὶ,
574 2815 632 2897 τάς
649 2817 684 2886 δὲ
699 2826 803 2904 χιλίας
821 2816 863 2886 ού
886 2819 992 2904 μόνον
1014 2817 1157 2902 ὕστερον
1178 2818 1240 2886 ούκ
1358 2871 1361 2878 .

288 2914 512 3002 ἐκομισάμην,
531 2912 614 2983 άλλά
633 2918 687 2983 καὶ
701 2920 779 2984 νυνὶ
790 2916 977 2984 κινδυνεύω
988 2920 1062 3000 περὶ
1072 2914 1185 2984 αὐτῶν
1197 2915 1240 2997 ῶς

287 3012 414 3092 άδίκως
424 3018 525 3099 ἔχωνς
538 3012 590 3081 διά
601 3022 704 3082 ταῦτα
715 3021 1013 3100 μέντοιΣπουδίας,
1022 3009 1050 3083 ά
1058 3014 1177 3099 ἄνδρες
1189 3021 1240 3083 δι-

287 3112 416 3197 κασταὶ,
428 3126 497 3191 τολς
509 3120 616 3198 φίλοις
627 3112 688 3182 ούκ
698 3115 852 3200 ἐβούλετο
864 3117 1038 3198 ἐπιτρέψας
1048 3112 1239 3202 ἀπαλλαγή-

286 3236 343 3279 ναι
360 3218 432 3278 τῶν
448 3210 532 3294 πρὸς
548 3212 602 3297 ἐμὲ
621 3215 850 3300 ἐγκλημάτων,
872 3213 922 3282 ὅτι
943 3216 1138 3301 συνέβαινεν
1149 3213 1239 3304 αύτῷ

286 3310 398 3377 πάντα
408 3309 498 3376 ταῦτ’
510 3314 750 3397 ἐξελέγχεσθαι·
773 3321 855 3380 πάσι
871 3310 937 3397 γάρ
954 3311 1083 3391 τούτοις
1093 3336 1239 3398 παραγε-

286 3414 465 3495 γενημένοι
477 3413 532 3478 καὶ
551 3418 667 3496 σαφῶς
683 3412 806 3491 είδάτες
823 3409 886 3478 ούκ
903 3413 1083 3496 ἐπέτρεπον
1093 3409 1137 3479 άν
1149 3410 1239 3501 αύτῷ
1344 3440 1347 3445 ·

287 3513 397 3594 λέγειν
418 3508 440 3576 ὅ
449 3536 481 3577 τι
501 3511 611 3597 τύχοι·
655 3509 729 3597 παρ’
752 3508 832 3597 ύμῖν
853 3507 884 3576 δ’
910 3518 1012 3576 οίεται
1033 3510 1239 3596 ψευδόμενος

249 3611 371 3692 3οἐμοῦ
386 3606 519 3694 τάληθή
537 3613 692 3695 λέγοντος
713 3608 997 3697 περιγενήσεσθαι.
1038 3615 1144 3677 καίτοι
1163 3611 1237 3693 περὶ

290 3695 337 3775 ῶν
348 3709 492 3792 ἐγκαλῶ,
504 3707 604 3801 πάνθ
615 3705 697 3796 ’ύμῖν
708 3706 862 3789 άπέδειξα
874 3716 988 3795 σαφῶς
995 3759 1004 3794 ,
1024 3704 1068 3787 ῶς
1078 3703 1147 3785 οἷός
1156 3702 1181 3774 τ’
1193 3699 1237 3792 ήν
