3159 4409
319 496 385 563 114
478 517 481 521 ’
506 502 610 561 XLVII.
638 501 1090 582 [ΔΗΜΟΣΘΕΝΟῬΣ]

318 667 439 746 γραῦν.
469 658 650 739 ἀκούοντες
660 661 695 729 δὲ
707 665 741 728 οἰ
751 661 958 745 θεράποντες
967 671 1036 732 τῶν
1045 655 1208 748 γειτόνων
1218 672 1276 754 τῆς

318 762 529 845 κραυγῆςκαί
538 757 680 845 ὁρῶντες
688 756 750 845 τὴν
760 765 868 827 οἰκίαν
876 768 1116 850 πορθουμένην
1123 764 1185 851 τὴν
1193 767 1276 854 ἐμὴν

318 862 353 925 οἰ
366 860 427 944 μὲν
445 854 510 926 ἀπὸ
527 865 596 925 τῶν
609 865 718 946 ,τεγῶν
735 865 803 925 τοῖν
821 859 948 925 ἑαυτῶν
964 862 1182 950 ἐκαλίστρουν
1197 862 1276 943 τούς

317 957 513 1043 παριόντας,
536 961 571 1024 οἰ
586 956 622 1025 δὲ
638 959 694 1024 καί
706 962 752 1035 εἰς
760 954 824 1042 τὴν
835 959 950 1043 ἑτέραν
960 955 1043 1026 ὁδόν
1052 961 1275 1039 ,ἐλθόντεςκαί

317 1055 648 1141 ἰίόντεςἎγνόφιλον
656 1055 821 1142 παριόντα
829 1058 1007 1125 ἐκέλευσαν
1015 1061 1274 1144 παραγενέσθαι

317 1150 1161 1242 προσελθὼνδὲὁἍγνόφιλοςπροσκληθείςὺπότοῦ
1168 1160 1276 1244 θερά-

316 1278 437 1333 ποντος
447 1261 508 1321 τοῦ
517 1250 749 1338 Ἀνθεμίωνος,
758 1251 797 1330 ός
805 1254 877 1319 ἐστί
883 1279 939 1338 μοι
948 1261 1077 1340 γείτων,
1084 1260 1131 1334 εἰς
1141 1259 1204 1342 μὲν
1213 1257 1277 1343 τὴν

316 1359 426 1421 οἰκίαν
443 1350 506 1420 οὐκ
524 1358 681 1438 εἰσῆλθεν
700 1349 756 1439 (οὐ
774 1348 839 1436 γόρ
857 1349 968 1437 ἡγεῖτο
987 1357 1116 1420 δίκαιον
1133 1353 1220 1422 εἰναι
1228 1353 1274 1442 μὴ

316 1452 480 1537 παρόντος
496 1479 534 1538 γε
552 1460 614 1520 τοῦ
632 1457 783 1537 κυρίου),
805 1451 844 1518 ἐν
861 1450 897 1518 δὲ
913 1458 958 1539 τῷ
975 1460 1038 1518 τοῦ
1050 1446 1275 1549 Ἀνθεμίωνος

315 1559 424 1641 χ’ωρίφ
442 1547 491 1619 τόν
507 1550 594 1639 ἕοόρα
608 1551 653 1618 τό
670 1575 706 1618 τε
722 1550 826 1635 σκεύη
838 1548 1043 1635 ἐκφερόμενα
1053 1554 1109 1619 καί
1121 1550 1274 1640 Εὔεργον

271 1654 369 1723 61καί
381 1650 561 1735 Θεόφημον
578 1649 725 1728 ἐξιόντας
741 1651 777 1716 ἐκ
795 1657 855 1734 τῆς
870 1652 949 1735 ἐμῆς
965 1655 1077 1728 οἰκίας.
1112 1648 1156 1718 οὐ
1166 1651 1273 1737 μόνον

314 1756 447 1834 τοίνυν,
471 1743 635 1831 οόόὶνδρες
654 1751 822 1834 δικασταὶ,
846 1750 1003 1835 λαβόντες
1018 1777 1085 1837 μου
1105 1749 1146 1819 τὰ
1167 1753 1272 1839 σκεύη

316 1847 458 1937 ᾤχοντο,
481 1843 636 1913 ἀλλὰκαὶ
654 1845 713 1913 τὸν
724 1844 803 1913 νίὸν
813 1840 898 1932 ἦγον
910 1845 953 1926 ὡς
964 1854 1110 1936 οἰκέτην,
1131 1850 1274 1930 ἓυςτοόν

314 1947 475 2032 γειτόνων
493 1941 685 2029 ἀπαντησας
703 1943 816 2023 αὐτοῖς
823 1941 1020 2033 Ἑρμογένης
1035 1947 1126 2017 εἶπεν
1137 1948 1189 2017 ὅτι
1199 1950 1274 2029 υἰός

315 2071 380 2132 μον
392 2054 450 2131 εἰη.
485 2039 529 2122 ὡς
546 2043 582 2111 δὲ
593 2041 689 2110 ταῦτ’
703 2041 815 2128 όληθῆ
827 2049 911 2128 λέγω
918 2095 929 2127 ,
951 2042 1180 2131 ἀναγνώσεται
1189 2045 1272 2136 ’ὑμῖν

313 2140 371 2222 τὰς
382 2147 574 2229 μαρτυρίας.
1139 2169 1141 2173 ·

436 2239 443 2263 ’
657 2246 919 2309 MAPTYPIAI.

270 2365 305 2420 52
396 2335 522 2425 Ἐπειδὴ
541 2343 658 2406 τοίνυν
676 2363 733 2424 μοι
743 2335 937 2426 ἀπηγγέλθη
953 2345 998 2419 εἰς
1010 2349 1152 2426 Πειραιοῖ
1162 2341 1291 2428 ταγεῶ

313 2441 478 2525 γενημένα
488 2435 554 2506 ὑπὸ
565 2445 635 2505 τῶν
645 2437 822 2523 γειτόνων,
835 2439 946 2507 ἐλθών
957 2446 1004 2519 εἰς
1015 2438 1120 2527 όγρόν
1130 2441 1272 2521 τούτους

313 2540 375 2623 μὲν
385 2537 496 2606 οὐκέτι
507 2538 768 2625 καταλαμβάνω,
791 2537 873 2606 ἰδών
885 2536 971 2606 ezzo}
982 2541 1019 2606 ἐκ
1030 2546 1087 2625 τῆς
1098 2545 1204 2619 οἰκίας
1214 2542 1272 2608 ἐκ·

314 2639 528 2722 πεφορημένα
546 2637 601 2702 καὶ
619 2634 681 2722 τὴν
692 2642 802 2720 γραῦν
820 2633 864 2713 ὡς
882 2639 1035 2721 διέκειτο,
1057 2637 1113 2704 καὶ
1134 2635 1272 2707 ἀκούων
1321 2679 1324 2691 ›

314 2743 370 2822 τῆς
386 2733 545 2821 γυναικός
560 2732 600 2801 τὰ
617 2734 798 2821 γενόμενα,
822 2734 1022 2818 προσελθών
1039 2744 1086 2824 τῷ
1101 2737 1269 2828 Θεοφήμῳ
1278 2749 1324 2806 115

313 2841 354 2920 τῇ
377 2832 534 2920 ὑστεραία
555 2833 665 2898 ἕωθεν
685 2836 723 2899 ἐν
743 2840 782 2920 τῇ
801 2833 896 2900 πόλει
912 2833 1082 2921 μάρτυρας
1097 2838 1181 2920 ἔχων
1197 2839 1270 2905 ἐκέ-

312 2940 413 3000 λευον
424 2930 527 2999 αὐτὸν
538 2937 671 3013 πρῶτον
681 2929 743 3016 μὲν
753 2923 1008 3019 τηνκαταίίκην
1019 2929 1271 3020 ἀπολαμβάνειν

312 3033 367 3099 καὶ
384 3028 586 3098 ἀκολουθεῖν
597 3030 650 3095 ἐπὶ
659 3027 721 3115 τὴν
732 3029 912 3117 τράπεζαν,
935 3029 1117 3117 ἐπειτατηυ
1128 3031 1270 3118 ἅνθρωέ

313 3151 378 3195 πον
387 3126 591 3213 θεραπεύειν
602 3122 645 3211 ἣν
656 3131 931 3215 συνίκουαν,καὶ
941 3127 1057 3216 ἰατρόν
1067 3130 1214 3217 εἰσάγειν
1227 3131 1271 3204 όν
1299 3202 1301 3206 ,

269 3224 406 3302 ωαύτοὶ
423 3227 610 3313 βούλοιντο.
644 3235 748 3294 ταῦτα
765 3232 804 3296 δέ
818 3255 884 3316 μου
895 3231 1115 3315 λέγοντοςκαὶ
1126 3235 1270 3321 διαμαρ-

311 3327 511 3410 τυρομένου,
533 3323 620 3392 κακοί
638 3351 678 3409 με
694 3326 801 3396 πολλοὶ
819 3327 966 3407 εἰπόντες
983 3325 1000 3395 ὁ
1019 3333 1080 3416 μὲν
1091 3331 1270 3420 Θεόφημος

311 3421 492 3508 ἠκολούθει
504 3423 612 3508 μόλις,
627 3423 795 3514 διατριβὰς
806 3429 953 3512 ἐμποιῶν
963 3430 1018 3496 καὶ
1030 3429 1171 3514 φάσκων
1183 3431 1269 3517 βού-

312 3528 430 3589 λεσθαι
445 3522 500 3587 καὶ
516 3519 616 3600 αὐτός
632 3549 724 3602 τινας
741 3532 945 3611 παραλαβεῖν
961 3527 1137 3614 μάρτυρας·
1147 3537 1269 3607 (ταῦτα

312 3617 342 3686 θ’
357 3624 447 3702 ἔλεγε
459 3619 622 3703 τεχνόζαν
634 3631 694 3689 τοῦ
704 3625 828 3709 χρόνον
840 3627 1063 3712 ἐγγενέσθαι),
1082 3625 1100 3695 ὁ
1113 3626 1144 3695 δ’
1156 3628 1268 3714 Εὔερ-

309 3744 368 3803 γος
386 3713 499 3786 οὑτοσὶ
516 3715 621 3798 εὐθὺς
638 3725 674 3790 ἐκ
690 3731 748 3809 τῆς
763 3722 891 3803 πόλεως
907 3722 985 3810 μεθ’
1005 3727 1128 3811 ἐτέρων
1138 3723 1267 3814 ὁμοίαν
1294 3772 1296 3777 ·
