3159 4409
519 511 661 575 ΚΑΤΑ
688 508 1003 571 ΘΕΟΚΡΙΝΟῬ.
1111 509 1236 575 ‘275

289 674 498 758 ἐπιτείχισμα,
509 670 673 757 κατήγαγε
685 669 721 737 δὲ
731 666 791 737 τὸν
802 673 908 755 δῆμον
918 671 1126 741 κινδυνεύων
1136 671 1235 752 αύτδς

291 768 333 838 ού
343 770 515 848 τοιούτους
525 767 720 854 κινδύνους,
742 765 817 836 ἀλλ’
829 770 867 834 ἐν
877 763 926 846 οἷς
936 770 991 835 καλ
1001 779 1123 837 παθεῖν
1132 797 1164 837 τι
1173 797 1236 839 κα-

247 869 354 936 68λόν
371 872 475 952 ἐστιν,
498 873 622 935 ἔπαυσε
639 866 675 934 δὲ
692 863 773 945 τούς·
782 865 1058 952 ἐπιβουλεύοντας
1068 864 1158 953 ύμῖν.
1191 867 1232 935 δι’

291 964 344 1050 ὃν,
355 973 385 1034 εί
394 973 556 1053 Θεοκρίνῃ
568 964 675 1054 τούτῳ
685 962 794 1052 ὅμοιοι
805 963 897 1044 ὄντες
907 964 1139 1053 ἐτυγχάνομεν,
1150 966 1238 1034 εἰκό-

290 1090 355 1153 τως
365 1061 492 1145 ἐσάζεύ
505 1059 548 1132 άν
556 1061 653 1151 ἡμᾶς,
664 1061 710 1150 μή
720 1061 772 1131 ὅτι
781 1071 931 1148 βελτίους
942 1061 1040 1144 ὄντας
1050 1064 1173 1133 τούτου
1182 1068 1237 1133 καὶ

292 1167 399 1232 δίκαια
416 1167 579 1250 λέγοντας.
609 1160 651 1231 ού
668 1162 731 1247 γάρ
743 1162 900 1241 πολλάκις
910 1160 998 1249 ύμάς
1007 1170 1110 1230 ταῦτα
1120 1167 1238 1248 λε’νον-

290 1287 343 1340 τες
359 1262 594 1349 ἐνοχλήσομεν·
616 1259 704 1330 οὕτω
724 1261 789 1347 γάρ
809 1258 894 1347 ἡμᾶς
914 1253 1012 1340 οὗτος
1034 1264 1238 1341 διατέθεικεν

291 1359 390 1446 ὥσθ’,
400 1360 482 1446 ὅπερ
494 1364 526 1442 ἐξ
537 1358 638 1449 άρχής
649 1359 757 1445 εἶπον,
775 1358 851 1446 μηδ’
866 1358 979 1428 ἐλπίδα
990 1357 1067 1448 ἡμῖν
1078 1360 1162 1428 εἶναι
1174 1387 1238 1447 μη-

289 1465 406 1546 δεμίαν
425 1468 487 1528 τού
506 1474 679 1546 μετασχεῖν
700 1468 758 1545 τῆς
779 1461 835 1527 καὶ
851 1462 1047 1539 ,τοίςξένοις
1062 1463 1238 1546 δεδομένης

244 1578 281 1636 69
290 1566 480 1645 παρρησίας.
501 1557 547 1626 ἵν’
561 1551 640 1642 ούν,
653 1564 683 1626 εί
691 1559 747 1625 καὶ
757 1556 860 1643 μηδὲν
870 1554 963 1642 άλλο,
974 1558 1098 1644 ταύτην
1108 1556 1142 1644 γ’
1159 1560 1241 1644 ἐχω-

289 1684 353 1744 μεν
370 1654 586 1743 παραψυχήν,
609 1655 646 1724 τδ
664 1658 719 1723 καὶ
729 1663 850 1723 τούτου
860 1651 946 1741 ὁράυ
955 1652 1094 1742 ἡσυχίαν
1105 1654 1240 1742 άγοντα,

289 1751 484 1842 βοηθήσαθ’
506 1751 601 1840 ἡμῖν,
629 1753 782 1841 ἐλεήσατε
802 1751 881 1833 τούς
903 1752 988 1840 ύπὲρ
1008 1763 1066 1840 τής
1085 1759 1241 1840 πατρίδος

289 1849 386 1938 ἡμων
401 1851 697 1939 τετελευτηκότας,
709 1850 910 1938 ἀναγκάσατ’
929 1851 1034 1921 αὐτὸν
1043 1850 1128 1938 ὑπὲρ
1139 1852 1241 1940 αύτής

289 1960 348 2037 τῆς
358 1954 523 2032 ἐνδείξεως
533 1950 843 2038 άπολογελσθαι,καλ
853 1959 996 2022 τοιοῦτοι
1005 1949 1134 2037 γένεσθ’
1150 1950 1241 2042 αύτῷ

291 2051 441 2118 δικασταὶ
458 2057 526 2118 των
542 2053 732 2138 λεγομένων
749 2047 818 2131 οἷος
828 2044 927 2131 ούτος
935 2055 1063 2137 ἐγένετο
1073 2049 1169 2138 ἡμῶν
1179 2078 1241 2119 κα-
1305 2086 1313 2097 ‘

247 2171 284 2228 70
291 2148 445 2236 τήνορος,
468 2145 504 2228 ὃς
520 2150 725 2237 ἐξαπατήσας
740 2148 821 2229 τούς
839 2149 993 2228 δικαστάς
1015 2148 1078 2218 ούκ
1097 2149 1241 2236 ἠθέλησε

292 2247 494 2333 τιμήσασθαι
503 2254 638 2333 μετρίου
650 2246 741 2327 τινδς
751 2249 929 2334 τιμήματος
938 2257 985 2336 τῷ
996 2249 1094 2333 πατρὶ
1104 2257 1151 2338 τῷ
1161 2251 1239 2335 ἐμῷ,

293 2343 388 2413 πόλλ’
408 2348 491 2432 ἐμού
507 2348 684 2432 δεηθέντος
699 2347 755 2413 καὶ
771 2354 893 2412 τούτου
912 2345 1139 2423 ἱκετεύσαντος
1159 2344 1242 2426 πρὸς

293 2449 362 2510 τῶν
376 2444 543 2529 γονάτων,
566 2440 646 2529 ἀλλ’Ι
659 2441 771 2526 ὥσπερ
781 2443 843 2529 τήν
853 2442 953 2510 πόλιν
963 2442 1186 2529 προδεδωκότι
1195 2444 1242 2530 τῷ
1251 2469 1319 2523 1344

294 2544 391 2626 πατρὶ
407 2546 486 2610 δέκα
501 2543 674 2611 ταλάντων
689 2542 871 2627 ἐτιμήσατο.
905 2537 1041 2628 δεόμεθ’
1064 2533 1127 2607 οὖν
1147 2535 1241 2624 ὑμῶν

293 2643 348 2708 καὶ
359 2639 617 2729 ἀντιβολοῦμεν,
630 2639 670 2709 τά
685 2646 796 2709 δίκαια
804 2645 996 2727 ψηφίζεσθε.

377 2741 557 2828 Βοήθησον
571 2738 652 2827 ήμίν
670 2736 810 2825 ὁδείνα,
831 2749 864 2808 ελ
877 2767 908 2808 τι
918 2745 1014 2826 ἔχεις,
1031 2739 1087 2807 καὶ
1098 2738 1241 2805 σύνειπε.

293 2836 451 2925 άνάβηθι.
484 2923 488 2927 .

739 3094 804 3150 LIX.

562 3236 704 3305 ΚΑΤΑ
737 3239 984 3307 ΝΕΑΙΡΑΣ.

662 3400 884 3459 ΤΠΟΘΕΣΙΣ.

299 3527 374 3606 Καὶ
384 3541 546 3608 τούτοντὸν
554 3540 683 3630 λόγον’
650 3571 705 3611 ουκ
714 3545 974 3625 οἴονταιΔημοσθέ
973 3565 1041 3619 νοσς
1049 3540 1161 3624 εἶναι,”
1140 3567 1247 3606 υπτιον

299 3661 370 3702 οντα
390 3639 441 3701 καλ
461 3644 591 3721 πολλαχῆ
611 3645 676 3740 τής
684 3661 736 3701 του
723 3632 874 3736 ῥήτορος
892 3630 1040 3737 δυνάμεως
1056 3635 1245 3737 ἐνδεέστερον.

298 3715 445 3785 ύπύθεσιν
462 3723 494 3785 δὲ
515 3724 571 3803 ἔχει
592 3718 739 3802 τοιαύτην.
771 3714 864 3800 νόμον
884 3715 1063 3799 κελεύοντος,
1085 3713 1138 3781 ἐάν
1160 3712 1246 3798 άνδρλ

1017 3812 1072 3868 18*
