3159 4409
322 509 387 575 246
535 511 613 567 LVII.
645 502 987 565 ΛΗΜΟΣΘΕΝΟ
998 503 1064 564 ΤΣ

672 670 925 732 ΜΑΡΤΥΡΕΣ.
989 678 992 683 ’

280 798 316 853 39
409 778 547 852 Τούτων
557 785 618 869 μὲν
634 786 750 849 τοίνυν
766 776 929 865 ἀκηκόατε
945 777 1209 864 μαρτυρούντων
1219 779 1273 844 καὶ

323 887 568 970 διομνυμένων·
589 876 650 947 τόν
664 878 700 946 δὲ
716 878 772 945 καὶ
790 873 992 963 ὁμομήτριον
1008 877 1063 944 καί
1078 872 1147 943 κατ’
1160 873 1272 962 άμφό-

321 979 384 1065 τερ’
396 977 475 1066 ἡμῖν
487 985 632 1064 συγγενῆ
643 984 734 1045 καλοῦ
740 1027 749 1060 ,
762 979 816 1043 καὶ
829 972 907 1054 τοὺς
917 979 999 1053 υἱεῖς
1009 972 1122 1042 αύτοῦ.
1150 983 1198 1063 τῷ
1208 973 1271 1060 γάρ

324 1077 518 1167 Τιμοκράτει
528 1083 573 1167 τῷ
585 1084 642 1163 τῆς
651 1071 773 1163 μητρὸς
784 1071 920 1163 άδελφῷ
927 1080 985 1160 τῆς
993 1074 1072 1159 ἐμῆς
1082 1068 1271 1163 ὁμοπατρίῳ

320 1182 375 1248 καὶ
396 1175 582 1266 ὁμομητρίῳ
604 1184 749 1261 γίγνεται
770 1170 948 1259 Εὐξίθεος,
969 1179 1032 1240 τοῦ
1055 1167 1087 1238 δ’
1105 1169 1272 1252 Εὐξιθέου
1280 1185 1330 1241 1311

320 1290 406 1361 τρεῖς
423 1280 518 1354 υίεῑς·
548 1267 642 1342 οῦτοι
660 1273 781 1352 πάντες
798 1278 904 1353 ζῶσιν.
938 1278 997 1339 καί
1011 1298 1067 1358 μοι
1084 1271 1178 1340 κάλει
1195 1269 1273 1351 τούς

321 1377 558 1462 ἐπιδημοῦντας
570 1371 689 1441 αὐτῶν.

673 1508 923 1572 ΜΑΡΤΥΡΕΣ

276 1630 312 1684 40
402 1621 492 1706 Λαβδ
504 1619 545 1705 δή
555 1646 611 1706 μοι
621 1620 675 1686 και
687 1643 744 1696 τας
754 1642 823 1683 των
834 1619 1008 1702 φρατερων
1019 1640 1087 1682 των
1098 1621 1271 1700 συγγενων

318 1725 386 1784 τάν
405 1724 463 1804 τῆς
484 1717 606 1838 μητρδς
624 1720 679 1786 καί
696 1720 847 1802 δημοτῶν
869 1719 1066 1803 μαρτυρίας,
1089 1703 1192 1782 καὶ
1164 1739 1214 1781 ων
1232 1711 1270 1780 τά

320 1813 473 1900 μνήματα
484 1812 597 1883 ταῦτ’ά.

663 1936 924 1996 ΜΑΡΤΤΡΙΑΙ.

405 2041 452 2110 Τά
464 2043 525 2129 μὲν
542 2048 657 2110 τοίνυν
667 2051 729 2110 τοῦ
746 2047 864 2128 γένους
879 2050 941 2109 τοῦ
951 2049 1008 2128 τῆς
1023 2039 1147 2129 μητρὸς
1164 2042 1271 2122 οὕτως

318 2139 399 2264 ύμῖν
409 2143 620 2227 ἐπιδεικνύοι,
637 2145 692 2211 καὶ
704 2140 785 2227 πρδς
797 2141 931 2227 άυδρῶν
942 2145 996 2210 καὶ
1008 2142 1090 2226 πρὸς
1099 2149 1270 2227 γυναικῶν

317 2239 430 2329 α’στήν.
452 2267 492 2328 τη
478 2241 541 2309 δὲ
552 2244 648 2330 μητρί
658 2269 697 2330 τη
685 2245 817 2331 ἐμῇ’
779 2268 935 2329 μιγυεται,
945 2269 971 2309 ω
959 2235 1099 2326 άνδρες
1111 2245 1270 2325 δικασταὶ,

316 2367 353 2407 το
344 2338 426 2427 μὲν
437 2349 569 2426 πρῶτον
587 2344 623 2409 ἐκ
633 2334 929 2468 Πρωτομάχου,
901 2368 927 2408 ω
945 2339 1052 2428 αὐτὴν
1069 2369 1087 2409 ο
1077 2340 1270 2428 Τιμοκρά-

315 2465 372 2526 της
383 2436 582 2526 ὁμομήτριος
590 2441 644 2507 καὶ
655 2438 854 2526 ὁμοπάτριος
865 2467 914 2506 ων
925 2438 1067 2525 άδελφός
1077 2444 1190 2524 ἔδωκε,
1202 2450 1271 2507 θυ-

316 2537 431 2623 γάτηρ,
443 2536 511 2605 εἶτα
522 2541 557 2606 ἐκ
569 2546 630 2604 τοῦ
644 2537 767 2623 πατρὸς
777 2566 838 2606 του
824 2542 933 2626 ἐμοῦ
943 2536 1056 2625 ἐμά
1044 2565 1086 2605 ον
1096 2538 1132 2607 δὲ
1143 2539 1270 2641 τρόπον

315 2661 360 2724 τςο
348 2637 469 2721 πατρὶ
481 2661 526 2724 τῳ
511 2640 606 2722 ἐμῷ
622 2638 812 2728 συνῴκησε,
835 2635 963 2706 ταῦθΗ
943 2647 1029 2725 υμᾶς
1045 2636 1188 2707 άκοῦσαι
1204 2633 1268 2708 6⁶6·

262 2784 272 2807 ,
315 2731 445 2819 καὶγὰρ
457 2730 478 2800 66
494 2735 568 2817 περὶ
580 2732 641 2802 τὸν
650 2741 808 2803 Κλεινίαν
826 2743 967 2804 αίτιάται
978 2739 1033 2805 καὶ
1044 2736 1081 2805 τὸ
1093 2745 1268 2806 τιτθεῦσαι

313 2830 375 2918 την
385 2837 508 2920 μητέρα
518 2836 687 2902 καὶταῦτα
698 2833 807 2902 πάντα
818 2833 881 2921 ἐγώ
894 2844 1007 2921 σαφῶς
1017 2833 1097 2924 ὑμῖν
1109 2838 1268 2924 διηγήσο-

270 2940 380 3016 41μαι
404 2928 656 3053 ὁΠρωτόμαχρς
673 2927 842 3058 πίνηςῆν
864 2934 1042 3022 ἐπικλήρου
1054 2939 1267 3023 δὲκληρουο-

313 3029 418 3114 μήσας
431 3026 588 3116 ευτιορου,
595 3057 657 3118 την
668 3036 790 3119 μητέρα
802 3036 980 3121 βουληθεὶς
991 3039 1146 3104 ἐκδοῦναι
1157 3043 1267 3106 πείθει

311 3133 425 3215 λαβειυ
442 3126 548 3250 a6v6v
565 3130 800 3218 Θούκριτον
766 3160 826 3202 τον
842 3137 966 3223 πατέρα
983 3133 1043 3203 τὸυ
1062 3134 1197 3222 ἐμδν,
1183 3137 1267 3204 ύυτα

312 3227 432 3295 εαυτοῦ
448 3227 635 3348 γνώριμον,
657 3234 712 3300 καὶ
734 3224 921 3320 ἐγγυάται“
907 3264 925 3305 ο
942 3233 1049 3324 πατὴρ
1067 3235 1129 3323 την
1140 3239 1266 3324 μητέρα

310 3318 371 3406 τὴν
382 3323 463 3410 ἐμην
472 3325 560 3412 παρά
571 3354 632 3396 του
619 3328 846 3418 άδελφοῦ’
803 3342 904 3422 αυτῆς
918 3334 1143 3421 Τιμοκράτους
1153 3343 1266 3405 Μελι-

309 3422 405 3506 τέως,
423 3428 599 3512 παρόντων
609 3439 678 3497 τῶν
691 3457 723 3499 τε
734 3431 869 3500 δείων’
850 3437 1048 3520 αμφοτέρων
1060 3441 1129 3502 τῶν
1140 3435 1265 3502 ἑαυτοῦ

308 3517 389 3587 καί’
374 3519 485 3592 αλλων
495 3554 688 3615 μαρτυρων
724 3533 777 3600 καί
789 3532 920 3599 τούτων
931 3531 1004 3600 ὅσοι
1016 3539 1109 3618 ζῶσι,
1133 3559 1265 3619 μαρτυ-

265 3619 468 3704 42ρήσουσιν
478 3620 565 3709 ἡμῖν.
584 3654 664 3711 μετα
651 3627 827 3697 δὲταῦτα
843 3631 952 3756 χρόνω
965 3631 1128 3756 ῦστερου
1118 3636 1265 3700 παιδίων

308 3714 1264 3849 αῦτηδυοῑνῆδηνεμενημένων,καὶτοῦμὶνπατρὸςστρα-
