3159 4409
320 503 390 572 1341
500 508 623 567 XLVIII.
647 454 1060 565 ΔΗΜΟΣΘΕΝΟΤΣ

286 655 289 663 ’
319 673 365 748 είς
374 662 434 737 τδν
444 672 569 752 ἐχῖνον,
585 664 675 744 ὅπως
685 660 728 732 ἀν
738 669 878 750 μηδεμία
889 657 1065 752 άποφίαή,
1089 661 1157 731 ἀλλ’
1171 659 1266 748 ὑμεῖς

319 764 448 833 ἅπαντα
468 771 576 844 καλῶς
595 766 650 833 καί
679 768 812 843 δικαίως
832 761 1035 843 ἀκούσαντες
1063 771 1168 849 γνῶτε
1190 759 1212 831 ό
1233 788 1265 830 τι

273 884 308 940 49
317 858 360 932 ἀν
370 861 450 949 ὑμῖν
467 863 674 932 δικαιότατον
692 866 775 951 δοκῆ
791 859 884 929 εἶναι.
917 869 1020 929 ταῦτα
1038 859 1069 929 δ’
1081 864 1163 947 ἐμοῦ
1178 884 1265 944 προ-

316 969 526 1050 καλουμένου
534 959 598 1031 οὐκ
606 959 750 1049 ῆθέλησε
760 959 890 1028 τούτων
905 957 1005 1028 οὐδὲν
1016 966 1169 1045 ποιῆσαι,
1186 957 1263 1027 ’ἀλλ’
1306 998 1308 1003 ·

316 1059 403 1130 οὕτω
415 1061 681 1148 πεφιλοσόφηκεν
692 1059 776 1129 ῶστε
790 1058 836 1147 μῆ
847 1057 931 1128 εἶναι
941 1056 1026 1145 ὑμᾶς
1042 1057 1184 1127 ἀκοῦσαι
1192 1065 1263 1126 τῶν
1271 1074 1335 1130 1181

315 1168 498 1247 συνθηκῶν
508 1163 544 1229 ἐκ
555 1168 623 1228 τῶν
635 1167 760 1228 κοινῶν
770 1158 981 1245 γραμμάτων.
1017 1160 1072 1227 καὶ
1089 1155 1141 1227 ότι
1156 1164 1263 1226 ταῦτα

313 1257 574 1346 προύκαλούμην
590 1267 726 1344 τοῦτον,
742 1264 926 1356 μαρτυρίαν
942 1255 1023 1344 ὑμῖν
1033 1255 1262 1342 ἀναγνώσεται

312 1350 364 1426 ῶν
373 1361 526 1427 ἐναντίον
537 1355 805 1445 προύκαλούμην.
836 1359 909 1444 λέγε
926 1354 989 1443 τήν
1001 1360 1195 1443 μαρτυρίαν.

663 1463 903 1524 MAPTYPIA.

269 1586 304 1638 ηρ
395 1564 472 1636 Πῶς
489 1551 531 1625 ἀν
549 1550 613 1625 οὖν
629 1547 759 1644 μάλλον
775 1552 967 1642 καταφανής
983 1557 1111 1640 γένοιτο
1123 1551 1263 1638 ἀνθρω-

313 1680 385 1740 πος,
396 1655 447 1723 ὅτι
460 1660 591 1734 δικαίως
600 1659 661 1742 μὲν
671 1653 771 1722 οὐδὲν
781 1655 937 1741 βούλεται
948 1653 1031 1739 πρός
1041 1680 1081 1740 με
1093 1654 1260 1740 πράττειν,

314 1753 551 1840 ἀποστερήσειν
566 1752 597 1821 δ’
614 1763 715 1821 οίεται
728 1751 751 1821 ά
762 1754 920 1840 προσήκει
936 1757 1007 1839 ἐμοὶ
1024 1760 1153 1841 λαβεῖν,
1176 1778 1262 1840 προ-

315 1851 432 1938 φάσεις
442 1852 548 1935 λέγων
559 1854 613 1918 καί
627 1853 814 1938 ἐγκλήματα
824 1855 991 1938 ἐγκαλῶν,
1008 1851 1067 1932 τάς
1078 1853 1114 1922 δὲ
1129 1853 1265 1940 συνθή-’

314 1977 389 2036 κας,
416 1947 455 2028 ἀς
465 1956 549 2036 φησί
558 1977 598 2036 με
609 1953 890 2044 παραβεβηκέναι,
914 1948 976 2019 οὐκ
987 1948 1082 2042 φ’ῆθη
1095 1956 1165 2019 δεῖν
1174 1947 1265 2037 ὑμᾶς

313 2048 467 2130 ἀκοῦσαι,
489 2048 551 2135 έγῶ
565 2048 601 2117 δὲ
610 2050 684 2117 τότε
695 2049 756 2135 μὲν
764 2053 917 2118 ἐναντίον
925 2058 993 2119 τῶν
1002 2052 1181 2139 μαρτύρων
1193 2057 1262 2118 τῶν

314 2151 591 2235 παραγενομένων
611 2146 904 2236 προύκαλεσάμην,
936 2152 1013 2218 νυνὶ
1034 2151 1070 2219 δὲ
1090 2153 1145 2219 καλ
1166 2146 1262 2236 ὑμῶν

290 2292 295 2303 ,
313 2250 465 2316 ἐναντίον
474 2255 542 2317 τῶν
555 2252 720 2316 δικαστῶν
729 2248 831 2315 πάλιν
847 2256 1091 2343 προκαλοῦμαι,
1110 2250 1165 2316 καὶ
1180 2245 1262 2334 ἀξιῶ

313 2360 496 2434 συγχωρεῖν
514 2344 618 2415 αὐτόν
639 2345 693 2414 καὶ
711 2348 775 2433 έγῶ
797 2355 957 2434 συγχωρῶ
983 2346 1181 2434 ἀνοιχθῆναι
1202 2345 1262 2426 τάς

313 2445 485 2532 συνθήκας
495 2449 633 2515 ἐνταυθὶ
649 2448 701 2514 έπλ
717 2453 779 2514 τοῦ
793 2451 1023 2535 δικαστηρίου,
1045 2449 1099 2516 καὶ
1119 2445 1262 2515 ἀκοῦσαι

270 2566 304 2619 51
314 2542 414 2630 ὑμᾶς,
431 2548 486 2613 καί
502 2546 602 2613 πάλιν
613 2553 828 2632 σημανθῆναι
839 2548 991 2615 ἐναντίον
1001 2544 1105 2633 ὑμῶν.
1125 2545 1262 2632 Ἀνδρο-

314 2648 442 2729 κλείδης
462 2640 494 2709 δ’
507 2640 620 2711 οὑτοσὶ
637 2644 811 2730 πάρεστιν·
834 2635 897 2731 έγῶ
909 2643 972 2732 γάρ
984 2643 1075 2736 αὐτῶ
1086 2646 1263 2734 ἐπήγγειλα

313 2740 408 2828 ῆκειν
419 2741 593 2826 έχοντιτάς
609 2743 792 2830 συνθήκας.
824 2747 879 2813 καὶ
895 2752 1072 2832 συγχωρῶ,
1096 2738 1123 2814 ῶ
1140 2745 1262 2831 ἀνδρες

314 2842 473 2926 δικασταὶ,
486 2843 580 2928 ἐντῶ
589 2841 711 2909 τούτου
727 2839 850 2932 λόγφῆ
866 2846 902 2911 έν
912 2852 960 2933 τῶ
975 2848 1122 2934 προτέρῳ
1133 2841 1155 2932 ῆ
1166 2847 1205 2913 έν
1215 2848 1261 2935 τῷ

314 2937 441 3028 ὑστέρῳ
462 2936 674 3026 ἀνοιχθῆναι·
708 2940 809 3011 οὐδέν
825 2942 889 3028 γάρ
913 2969 968 3028 μοι
985 2946 1143 3030 διαφέρει.
1175 2941 1263 3030 ὑμᾶς

315 3040 350 3106 δὲ
366 3037 530 3125 βούλομαι
546 3039 686 3108 ἀκοῦσαι
701 3041 760 3120 τάς
779 3041 952 3128 συνθήκας
967 3043 1022 3110 καὶ
1039 3043 1117 3122 τούς
1128 3042 1262 3130 ὅρκους,

314 3133 373 3214 οὓς
385 3134 560 3222 ὠμόσαμεν
572 3134 724 3225 ἀλλήλοις
735 3138 798 3222 έγῶ
815 3137 869 3206 καὶ
879 3136 1142 3226 Ὀλυμπιόδωρος
1162 3140 1264 3210 οὑτο-

315 3241 356 3301 σί.
379 3238 433 3302 καὶ
444 3241 475 3302 εί
483 3235 544 3320 μὲν
556 3251 732 3323 συγχωρεῖ,
753 3242 837 3305 ἔστω
847 3247 967 3326 ταῦτα,
985 3245 1040 3309 καί
1054 3239 1147 3327 ὑμεῖς
1158 3238 1263 3310 ἀκοά-

315 3357 381 3414 ετε,
400 3331 533 3401 έπειδάν
550 3336 657 3425 τούτῳ
669 3341 766 3423 δοκῇ·
788 3335 848 3405 ἐάν
860 3338 896 3406 δέ
906 3336 950 3424 μή
963 3341 1062 3426 ἐθέλῃ
1072 3345 1176 3407 ταῦτα
1186 3364 1264 3408 ποι-

314 3443 380 3515 εῖν,
402 3429 464 3501 οάκ
484 3432 547 3522 ήδη
566 3433 760 3521 καταφανής
780 3441 885 3522 ἔσται,
911 3429 938 3504 ῶ
961 3435 1080 3523 ἄνδρες
1100 3441 1261 3524 δικασταὶ,

313 3526 364 3598 ὅτι
380 3527 676 3619 ἀναισχυντότατός
694 3537 784 3603 ἐστιν
802 3533 995 3621 ἀνθρώπων
1010 3533 1183 3622 ἁπάντων,
1207 3540 1263 3607 καὶ

314 3633 447 3711 δικαίως
463 3631 536 3700 οὐδ’
550 3628 595 3702 ἀν
605 3630 719 3702 ὁτιοῦν
734 3632 954 3720 ἀποδέχοισθε
970 3635 1093 3702 τούτου
1113 3632 1157 3715 ῶς
1169 3634 1264 3721 ὑγιές

302 3753 342 3794 τι
356 3732 525 3815 λέγοντος;
