3159 4409
458 523 603 588 ΚΑΤΑ
631 522 1066 588 ΔΙΟΝῬΣΟΔΩΡΟῬ.
1170 526 1234 591 229

287 695 384 764 σθαι;
403 682 593 771 Ἀθήνηθεν
612 683 658 763 εἰς
673 692 848 768 Αἴγυπτον
864 687 919 753 καὶ
941 687 974 765 ἐξ
995 685 1169 770 Αἰγύπτου
1189 693 1235 768 είς

281 782 441 869 Ἀθήνας’
466 789 496 851 εί
506 787 542 851 δὲ
552 781 613 869 μὴ,
626 779 795 856 ἀποτίνειν
804 784 932 851 κελεύει
942 782 1095 851 διπλάσια
1105 783 1145 853 τδ
1155 785 1235 872 χρή-

288 895 381 967 ματα.
398 878 507 949 ταῦτ’
520 888 552 949 εί
560 883 621 968 μὲν
631 886 826 969 πεποίηκας,
842 879 943 949 οῦδὲν
951 878 1089 968 ἀδικεῖς,
1106 888 1137 950 εί
1145 883 1181 950 δὲ
1191 881 1236 969 μὴ

288 987 468 1067 πεποίηκας
482 985 483 988 ’
496 982 578 1068 μηδὲ
600 979 859 1064 κατακεκόμικας
879 979 941 1065 τὴν
960 986 1048 1047 ναῦν
1064 977 1234 1067 Ἀθήναζε,

288 1079 448 1166 προσήκει
458 1099 495 1147 σε
505 1086 742 1168 ζημιοῦσθαι
711 1085 758 1145 τῦ
766 1081 953 1168 ἐπιτιμίω
923 1083 968 1145 τῦ
978 1080 1014 1146 ἐκ
1022 1078 1237 1165 τῆςσυγγραὲ

288 1188 368 1265 φῆς
381 1186 479 1247 τοῦτο
490 1177 560 1299 γὰρ
567 1206 603 1247 το
592 1176 747 1246 δίκαιον
758 1174 820 1244 οῦκ
831 1174 933 1255 ’ἀλλος
944 1174 1069 1262 οὐδεὶς,
1086 1173 1161 1244 ἀλλ’
1173 1175 1236 1244 αῦ-

287 1275 344 1355 τός
354 1275 396 1345 σύ
409 1277 552 1368 σαντῷ’
532 1275 661 1365 ω’ρισας.
695 1268 857 1356 δεῖξον
814 1301 878 1344 ουν
888 1289 954 1354 τοῖς
965 1280 1131 1354 δικασταῖς
1142 1279 1238 1343 δυοῖν

287 1373 494 1461 θάτερον,
471 1370 791 1463 ητὴνσνγγραφήν,
810 1400 854 1452 τος
864 1400 927 1441 ουκ
938 1371 1056 1443 ἐστιν
1036 1386 1116 1459 ημιν
1127 1365 1237 1460 κύρία,

245 1470 314 1560 2832*
329 1472 373 1552 ῦς
386 1500 427 1542 ου
418 1472 566 1552 ’δίκαιος
578 1473 663 1542 εἷ’
616 1499 724 1541 παντα
735 1469 818 1540 κατά
830 1472 955 1558 ταύτην
965 1495 1129 1557 πραττειν.
1162 1478 1193 1541 εί
1201 1474 1240 1540 δέ
1256 1552 1259 1566 Ι

289 1599 377 1651 τινες
394 1571 553 1657 ἀφείκασί
567 1580 601 1640 τί
614 1594 667 1640 σοι
683 1574 738 1640 καὶ
750 1570 1019 1656 συγκεχωρήκασι
1029 1568 1107 1648 τοῦς
1117 1567 1174 1650 είς
1174 1570 1238 1639 Ρό-

292 1675 354 1737 δον
369 1671 489 1749 τόκους
504 1669 570 1758 ότφ
588 1668 708 1755 δήποτε
718 1670 831 1759 τρόπφ
842 1670 1049 1753 πεισθέντες,
1070 1666 1123 1736 διά
1134 1674 1237 1737 ταῦτα

292 1767 392 1836 οῦδὲν
409 1767 640 1856 ἀδικεῖςὴμᾶς,
664 1765 722 1848 οῦς
734 1767 1160 1855 παρασυγγεγράφηκαςς
1114 1775 1160 1848 είς
1162 1764 1236 1836 Ρό-

291 1871 353 1934 δον
374 1893 570 1968 καταγαγων
592 1867 654 1954 τὴν
675 1874 781 1944 ναῦν;
805 1863 868 1935 οῦκ
894 1865 987 1953 οἶμαί
1005 1893 1061 1952 γε·
1102 1866 1144 1935 ού
1169 1867 1235 1953 γὰρ

290 2037 373 2134 ἀλλά
393 2065 433 2137 τό
454 2064 516 2133 ὑπ’
541 2063 648 2135 αῦτοῦ
668 2074 731 2135 σοῦ
752 2063 836 2150 πρός
850 2063 937 2152 ἡμᾶς
953 2070 1235 2185 συγγεγραμμένα.

289 2163 395 2232 ἐπεὶ’
374 2192 426 2232 οτι
440 2191 479 2251 γε
495 2167 600 2234 καὶ
565 2193 602 2234 το
622 2164 767 2252 περλτὴν
780 2163 900 2249 ἀφεσιν
910 2170 978 2231 τῶν
988 2164 1110 2248 τόκων,
1132 2161 1195 2231 εί”
1173 2189 1237 2246 αρα

289 2265 427 2347 γέγουευ
444 2260 488 2341 ῦς
505 2256 598 2331 οῦτοι
609 2265 758 2348 λέγουσι,
779 2260 859 2347 μετά
871 2268 932 2327 τοῦ
942 2266 1168 2346 συμφέροντος
1177 2268 1238 2328 τοῦ

248 2384 283 2440 29
291 2367 359 2428 τῦν
370 2365 552 2427 δανειστῶν
561 2365 694 2444 γέγονε,
715 2366 818 2425 πᾶσιν
827 2356 907 2443 ὑμῖν
918 2359 1066 2442 φανερόν
1077 2364 1173 2425 ἐστιν.
1207 2363 1241 2425 οί

292 2456 356 2543 γὰρ
373 2460 409 2525 ἐκ
426 2465 483 2542 τῆς
493 2462 539 2524 Ac
537 2457 666 2541 γῦπτου
684 2461 891 2533 δανείσαντες
902 2456 1030 2533 τούτοις
1041 2456 1239 2541 ἑτερόπλουν

245 2590 250 2595 ·
292 2555 535 2641 τάργύριονς
489 2561 535 2633 είς
533 2551 737 2640 Ἀθήναςῇ
715 2580 760 2631 οις
774 2551 975 2647 ἀφίκοντοεί
974 2551 1059 2638 ςτὴν
1063 2551 1175 2621 Ρόδον
1184 2556 1240 2622 καὶ
1263 2637 1265 2646 Ι

292 2654 354 2740 τὴν
365 2661 452 2722 ναῦν
461 2645 618 2722 ἐκεῖσε
575 2679 668 2721 ουτοι
678 2651 913 2738 κατεκόμισαν,
927 2647 1027 2719 οῦδὲν
1033 2650 1161 2739 ,οἷμαι,
1173 2654 1241 2719 διέ-

295 2780 396 2840 φερεν
413 2752 526 2833 αὐτοῖς
543 2751 718 2840 ἀφεμένοις
733 2759 802 2818 νῦν
819 2751 930 2819 τόκων
946 2751 1001 2818 καὶ
1011 2753 1241 2836 κομισαμένοις

293 2852 331 2920 τό
351 2852 484 2920 δάνειον
499 2855 536 2920 ἐν
552 2879 591 2941 τῃ
579 2849 701 2940 ’Ῥόδφ
717 2852 818 2918 πάλιν
833 2848 971 2936 ἐνεργόν
988 2866 1096 2919 ποιεῖν
1113 2856 1159 2929 είς
1178 2845 1241 2935 τὴν

294 2959 476 3036 Αίγυπτον,
487 2949 555 3019 ἀλλ’
568 2954 742 3019 ἐλυσιτέλει
753 2958 865 3041 πολλῷ
876 2958 1004 3037 μᾶλλον
1014 2960 1140 3037 τοῦτον
1127 2936 1239 3034 ’“δεῦρ’
1249 2945 1317 3000 129²

250 3065 286 3120 30
296 3051 505 3116 ἐπαναπλεῖν
538 3053 641 3116 ἐκεῖσε
657 3052 718 3134 μέν
735 3076 772 3136 γε
790 3047 971 3136 ἀκέραιοςὸ
985 3056 1103 3133 πλοῦς,
1126 3049 1181 3115 καί
1193 3051 1242 3127 δις

294 3144 318 3234 ἦ
334 3149 403 3232 τρις
418 3144 566 3232 ὑπῆρχεν
582 3145 692 3226 αῦτοῖς
703 3149 966 3236 ἐργόσασθαιτςῦ
978 3145 1068 3235 αὐτῷ
1078 3143 1239 3236 ἀργυρίῳ·

295 3250 444 3314 ἐνταῦθα
462 3242 493 3311 δ’
511 3245 772 3331 ἐπιδημήσαντας
781 3244 1033 3332 παραχειμάζειν
1042 3249 1107 3311 ἐδει
1117 3249 1172 3314 καί
1182 3271 1241 3316 πε-

296 3346 442 3431 ριμένειν
461 3341 524 3431 τὴν
544 3340 677 3429 ὡραίαν.
711 3344 790 3413 ὥστ’
814 3350 933 3413 ἐκεῖνοι
949 3344 1010 3431 μὲν
1028 3349 1062 3411 οί
1075 3349 1241 3416 δανεισταὶ

296 3441 598 3529 προσκεκερδήκασι
624 3446 679 3512 και
705 3442 768 3512 οῦκ
796 3443 950 3564 ἀφείκασι
977 3443 1106 3525 τούτοις
1125 3445 1239 3515 οὐδέν·

295 3538 374 3629 ἡμῖν
393 3538 426 3608 δ’
443 3538 504 3626 οῦχ
520 3539 610 3620 ὅπως
626 3545 700 3627 περὶ
718 3541 919 3610 τοῦτόκουο
909 3539 1029 3627 ’λόγος
1037 3546 1142 3630 ἐστὶν,
1164 3540 1239 3612 ἀλλ’

296 3638 910 3728 ούδέτάρχαῖαἀπολαβεῖνδυνάμεθα.

251 3759 293 3815 31
370 3732 846 3827 Μὴοῦνάποδέχεσθετούτον
855 3735 1243 3826 φενακίζοντοςῦμῦςκαῖ
