3159 4409
310 501 374 567 σοι
494 476 574 564 ’τοι
608 495 1051 577 [Διιωοεοιιιιονε]

311 664 431 741 πάντες
446 654 685 749 μνημονεύετε,
708 655 882 725 Πειθόλαν
900 681 935 723 τε
952 653 1012 723 τόν
1024 654 1192 724 Θετταλόν
1204 658 1257 725 καὶ

308 759 550 846 Ἀπολλωνίδην
565 755 626 827 τὸν
641 756 818 827 Ὀλύνθιον
835 758 970 831 πολίτας
987 751 1054 821 ὑπὸ
1070 761 1134 821 τοῦ
1151 753 1259 841 δήμου

258 852 510 946 ’9θγενομένους
526 857 678 944 ἀφείλετο
699 851 736 922 τό
756 851 983 937 δικαστήριον·
1004 860 1109 919 ταῦτα
1130 849 1195 937 γάρ
1218 850 1258 921 ού

311 958 412 1027 πύλαι
423 959 490 1026 ἐστὶ
500 956 718 1040 γεγενημένα,
732 948 816 1017 ι’όστε
826 947 962 1033 ἀγνοεῖν
971 947 1066 1034 ὑμᾶς.
1090 946 1179 1017 ούτω
1191 957 1259 1019 τοί-

298 1084 374 1125 ·νυν
391 1060 499 1133 καλῶς
510 1056 565 1122 καί
579 1057 720 1140 ίσχυροῖς
729 1056 799 1116 τάν
809 1048 925 1134 νόμων
934 1051 1096 1134 κειμένων
1106 1045 1192 1132 ύπὲρ
1203 1058 1258 1136 τής

311 1140 489 1240 πολιτείας,
499 1153 543 1221 δι’
557 1144 606 1220 τόν
616 1148 851 1235 δελἈθηναίον
861 1151 1034 1232 γενέσθαι,
1049 1148 1161 1234 ἕτερός
1171 1151 1258 1216 ἐστιν

310 1252 366 1339 ἐφ’
383 1251 486 1321 ἀπασι
500 1250 630 1330 τούτοις
646 1245 848 1336 κυριώτατος
864 1245 966 1331 νόμος
983 1260 1147 1332 κείμενος·
1170 1246 1257 1316 οὕτω
1292 1293 1297 1311 2

311 1347 463 1437 πολλήνὸ
475 1354 578 1436 δῆμος
586 1348 750 1431 πρόνοιαν
760 1348 899 1415 ἐποιεῖτο
911 1341 995 1426 ὑπὲρ
1007 1341 1113 1412 αὑτοῦ
1123 1347 1180 1413 καὶ
1190 1352 1256 1414 τῶν

209 1447 211 1452 ’
309 1457 402 1517 θεῶν
423 1448 506 1517 ὥστε
530 1445 575 1515 δι’
595 1445 764 1535 εὐσεβείας
779 1441 820 1511 τά
837 1439 910 1529 ίερά
926 1441 1074 1510 θύεσθαι
1092 1443 1178 1527 ὑπὲρ
1201 1451 1257 1531 τῆς

310 1548 444 1627 πόλεως.
478 1546 578 1626 ὅσους
589 1543 653 1632 γάρ
663 1540 707 1613 ἀν
717 1538 1256 1630 ποιήσηταιὸδήμοςὸἏθηναίων

309 1654 453 1732 πολίτας,
469 1643 486 1712 ὁ
498 1646 600 1731 νόμος
612 1642 811 1730 ἀπαγορεύει
819 1641 1000 1728 διαρρήδην
1011 1642 1055 1729 μή
1067 1645 1187 1723 ἐξεῖναι
1197 1639 1258 1715 αύ-

309 1759 376 1823 τοίς
386 1752 454 1813 τῶν
466 1748 561 1812 ἐννέα
570 1742 740 1829 ἀρχόντων
748 1747 905 1826 γενέσθαι
912 1739 995 1827 μηδὲ
1004 1741 1189 1828 ἱερωσύνης
1197 1768 1258 1828 μη-

311 1847 423 1928 δεμιᾶς
440 1855 624 1928 μετασχεῖν·
647 1855 714 1919 τοῖς
732 1837 762 1906 δ’
782 1843 819 1907 ἐκ
830 1838 960 1907 τούτων
970 1842 1153 1926 μετέδωκεν
1163 1839 1257 1928 ήδηό

311 1946 412 2025 δῆμος
423 1938 596 2026 ἀπόντων,
619 1942 673 2007 καὶ
685 1940 909 2025 προσέθηκεν,
928 1937 986 2006 έάν
998 1931 1081 2007 οἶσιν
1093 1944 1130 2009 ἐκ
1141 1966 1258 2026 γυναι·
1297 1948 1300 1956 ’

310 2134 420 2222 ἀληθῆ
436 2136 519 2220 λέγω
537 2136 662 2223 μεγάλη
679 2137 734 2202 καὶ
744 2149 924 2222 περιφανεῖ
930 2143 1093 2225 μαρτυρία
1105 2138 1171 2223 ἐγὼ
1181 2135 1258 2224 ὑμίν

311 2233 457 2320 δηλοίσω.
486 2234 649 2320 βούλομαι
661 2232 693 2301 δ’
707 2230 787 2320 ὑμῖν
796 2233 856 2302 τόν
869 2235 975 2320 νόμον
985 2234 1164 2321 πόρρωθεν
1175 2261 1257 2321 προ-

311 2331 550 2420 διηγήσασθαι,
564 2329 607 2412 ὡς
617 2335 713 2418 ἐτέθη
725 2335 779 2400 καὶ
790 2330 874 2418 πρός
884 2330 943 2412 οὓς
954 2338 1131 2421 διωρίσθη,
1144 2333 1190 2414 ὡς
1198 2335 1258 2404 ἀν-

311 2429 391 2515 δρας
406 2428 557 2517 ἀγαθούς
575 2430 672 2510 όντας
684 2434 738 2500 καὶ
748 2438 904 2518 βεβαίους
914 2440 1032 2519 φίλους
1042 2438 1117 2520 περὶ
1127 2434 1189 2503 τόν
1200 2439 1258 2520 δή·

311 2556 375 2616 μου
390 2530 575 2616 γεγονότας.
610 2534 646 2598 ἐκ
662 2533 791 2599 τούτων
808 2530 873 2616 γὰρ
889 2528 1046 2600 ἀπόντων
1056 2543 1189 2602 είσεσθε
1199 2533 1259 2619 τήν

310 2656 345 2721 τε
366 2636 427 2697 τού
450 2629 557 2715 δήμου
577 2628 706 2713 δωρεάν
726 2627 788 2716 τήν
806 2627 975 2697 ἀπόθετον
990 2644 1057 2709 τοῖς
1074 2628 1258 2717 εὐεργέταις

312 2728 653 2814 προπηλακιζομένην,
676 2730 730 2796 καὶ
740 2726 833 2796 όσων
845 2724 930 2814 ὑμᾶς
940 2720 1315 2814 ἀγαθωνκωλύουσιΙλίί

311 2832 447 2912 κυρίους
469 2823 552 2892 εἶναι
567 2826 742 2910 Στέφανός
761 2853 797 2894 τε
818 2824 932 2895 οὑτοσί
958 2830 1013 2894 καὶ
1030 2831 1064 2894 οί
1078 2825 1138 2896 τόν
1155 2825 1258 2896 αὐτόν

311 2924 436 3009 τρόπον
446 2922 552 3012 τούτω
563 2925 782 3012 γεγαμηκότες
792 2928 848 2993 καὶ
858 2923 1160 3010 παιδοποιούμενοι.

267 3039 301 3092 94
341 3026 343 3030 ’
393 3030 565 3099 Πλαταιεῖς
582 3022 664 3107 γὰρ,
687 3016 851 3106 ύόίνδρες
866 3020 1052 3108 Ἀθηναῖοι,
1076 3023 1176 3108 μόνοι
1192 3034 1258 3092 τῶν

308 3117 472 3207 Ἑλλήνων
488 3117 568 3206 ύμῖν
578 3121 770 3207 ἐβοήθησαν
779 3121 1038 3208 Μαραθῶνάδε,
1059 3118 1114 3188 ὅτε
1124 3114 1256 3202 Δάτιςό

311 3223 468 3300 βασιλέως
477 3224 625 3304 Δαρείου
641 3217 821 3306 στρατηγός
837 3217 1020 3306 ἀναχωρῶν
1036 3222 1069 3300 ἐξ
1083 3219 1257 3309 Ἐρετρίας,

310 3312 458 3399 Εύβοιαν
468 3313 528 3402 ὑφ’
543 3318 647 3402 ἑαυτῷ
660 3317 880 3404 ποιησόμενος
901 3316 1006 3405 ἀπέβη
1017 3326 1064 3398 είς
1074 3318 1136 3405 τήν
1145 3320 1260 3411 χιόραν

310 3419 414 3497 πολλῇ
432 3414 571 3500 δυνάμει
585 3418 640 3483 καὶ
655 3418 800 3501 ἐπόρθει.
834 3421 889 3485 καί
906 3425 953 3485 ἔτι
969 3422 1024 3486 καὶ
1039 3426 1105 3486 νύν
1121 3428 1181 3506 τῆς
1197 3417 1258 3486 ἀν-

310 3512 493 3592 δραγαθίας
510 3511 622 3581 αύτοδν
637 3512 860 3601 ὑπομνήματα
875 3514 896 3602 ή
914 3520 951 3583 ἐν
968 3525 1010 3605 τῇ
1026 3523 1160 3605 ποικίλη
1176 3525 1257 3605 στοᾷ

308 3605 420 3692 γραφή
438 3610 637 3696 δεδήλωκεν·
662 3611 706 3692 ἀς
725 3614 934 3699 ἕκαστοςγάρ
945 3615 1064 3701 τύχους
1075 3615 1178 3702 είχεν,
1202 3613 1260 3683 εύ-

306 3706 373 3784 θύς
389 3708 615 3796 προσβοηθῶν
630 3717 827 3800 γέγραπται,
849 3718 884 3782 οί
898 3711 956 3794 τὰς
966 3713 1259 3794 κυνάςτάςΒοιω-
