3159 4409
321 485 360 549 ιε
513 489 590 549 xm
619 484 1101 568 [ΔΗισοῑοτΝονΣ].

319 643 511 716 καταλιπὼν
523 644 586 714 ὅσα
598 650 710 726 ἐδοξεν
720 644 812 734 αύτῷ
819 697 828 731 ,
851 651 994 737 δευτέρῳ
1010 652 1088 736 μηνὶ
1105 649 1168 736 τὴν
1182 649 1269 720 άπό-

320 765 422 832 φασιν
433 749 536 813 ἔδωκέ
545 771 601 831 μοι
611 753 669 832 τῆς
679 744 803 823 ούσίας.
814 743 901 829 ,ἄλλ’
914 746 1003 832 ὅμως
1014 753 1051 814 ἔα
1060 755 1173 816 ταῦτα.
1194 754 1268 835 λε’φε

319 842 351 910 δ’
365 845 535 913 ἐντευθενὶ
542 840 614 911 “gul
625 843 755 932 τούτοις
764 844 844 911 τάδε
855 842 1005 930 ὀφείλω.”

673 950 923 1012 ΑΠΟΦΑΣΙΣ.

275 1065 309 1120 27
398 1039 551 1127 Ἐκιίσχες
585 1039 669 1127 αύτη
681 1043 786 1125 ἐστὶν,
799 1034 956 1128 ὦάνδρες
967 1044 1132 1128 δικασταὶ,
1149 1041 1269 1131 ηἈριρ

222 1202 226 1209 .
318 1139 544 1228 στονόηὴτοῦ
553 1141 779 1224 Φιλοστράτου
788 1141 952 1226 θυγάτηρ,
964 1141 1070 1227 μήτηρ
1080 1141 1115 1209 δὲ
1123 1152 1266 1210 τουτονί.

317 1241 420 1328 ταύτῃ
436 1242 539 1327 χρέως
549 1237 858 1326 φησὶνόφείλεσθαι
869 1245 1053 1318 Φαίνιππος
1063 1237 1267 1326 τὴνπροῖκα,

318 1332 356 1425 ἧς
367 1345 399 1408 οί
407 1341 505 1426 νόμοι
516 1339 634 1426 κύριον
646 1346 767 1406 τοῦτον
777 1345 926 1423 ποιοῦσι,
945 1337 1148 1424 ψευδόμενος
1158 1341 1214 1407 καὶ
1224 1338 1267 1407 ού

317 1443 449 1518 δικαίως
458 1439 627 1526 χριόμενος
636 1445 678 1525 τῇ
688 1435 863 1521 άποφάσει.
896 1434 950 1503 διά
961 1443 996 1504 τί
1002 1435 1066 1522 γάρ
1084 1436 1164 1522 ἐμοὶ,
1183 1445 1267 1506 Φαί-

319 1561 434 1623 νιππε,
451 1538 617 1623 μενούσης
627 1562 684 1623 μοι
695 1543 753 1623 τῆς
764 1533 886 1622 μητρὸς
896 1537 934 1602 ἐν
943 1541 989 1624 τῷ
998 1544 1079 1623 οίκῳ
1094 1537 1149 1603 καὶ
1163 1537 1267 1623 ζώσης

316 1640 371 1703 καὶ
379 1650 498 1722 προῖκα
509 1640 786 1722 ἐπενεγκαμένης,
805 1632 1135 1722 ούκάπομράφῳτὴν
1145 1650 1266 1721 προῖκα

316 1737 416 1820 χρέως
434 1732 516 1822 αὐτῇ
534 1732 612 1802 ούδδ
630 1734 885 1821 παρακρούομαι
900 1732 978 1814 τούς
994 1734 1164 1821 δικαστάς,
1188 1735 1264 1804 ἀλλ’

316 1836 360 1900 ἐιό
368 1836 512 1919 μετέχειν
522 1841 588 1901 τῶν
596 1837 739 1919 ἐμαυτοῦ
748 1832 809 1919 την
818 1835 951 1919 μητέρα,
960 1832 1046 1902 άντε
1054 1834 1266 1921 τὴυΦαινίπ-

315 1954 383 1999 που
389 1930 432 1999 άν
440 1957 477 1998 τε
486 1931 548 2018 τὴν
560 1937 704 2019 ἐμαυτοῦ
715 1938 776 2018 ἔχω
788 1931 921 2010 ούσίαν;
942 1930 993 2000 ὅτι
1005 1937 1039 2000 οί
1048 1931 1145 2019 νύμοι
1160 1941 1265 2001 ταῦτα

315 2029 519 2116 κελεύουσιν,
533 2023 731 2119 ύβέλτιστε·
747 2031 790 2099 σύ
803 2030 839 2098 δὲ
849 2029 958 2098 πάντα
970 2046 1073 2110 ποιεῖς
1084 2032 1173 2119 παρά
1184 2029 1265 2112 τούς

315 2130 449 2216 νόμους.
481 2129 550 2215 λίγ’
565 2133 687 2216 ἕτερον.
846 2185 859 2196 .,

669 2220 918 2282 ΑΠΟΦΑΣΙΣ.

269 2357 306 2411 23
396 2325 564 2414 Ἀκούετε,
591 2320 748 2415 ύάνδρες
758 2333 923 2396 δικασταί·
941 2333 1105 2414 Παμφίλῳ
1119 2327 1199 2412 φησὶ
1208 2328 1264 2394 καὶ

316 2423 709 2518 ΦειδύλεῳῬαμνουσίοις
723 2436 822 2516 κοινῇ
836 2425 998 2494 τάλαντον
1015 2429 1198 2510 ἐνοφείλειν
1208 2426 1263 2492 καὶ

313 2529 473 2614 Αίαντίδη
486 2533 592 2594 Φλυεῖ
605 2535 859 2612 τετρακισχιλίας
875 2529 930 2593 καὶ
938 2523 1158 2610 Ἀριστομένει
1164 2523 1263 2591 Ἀνα-

312 2631 459 2714 μνρασίῳ
469 2627 684 2708 τέτταραςκαλ
696 2630 774 2693 δέκα
782 2633 875 2710 μνᾶς.
897 2621 951 2690 διά
960 2632 992 2690 τί
1000 2616 1073 2708 οὖν,
1085 2629 1261 2708 Φαίνιππε,

314 2720 368 2790 ὅτε
385 2724 446 2809 μὲν
463 2722 526 2807 ἐηιδ
544 2724 712 2809 μάρτυρας
729 2729 813 2807 ἔχων
828 2721 968 2808 ἠρώτων
985 2720 1027 2788 σέ
1039 2730 1073 2788 εί
1078 2747 1109 2816 τι
1118 2718 1262 2805 ὀφείλεις
1300 2772 1306 2783 ,

270 2891 273 2896 ,
312 2818 364 2891 ἐπὶ
374 2831 416 2910 τῇ
427 2825 572 2910 ἐσχατιᾷ,
589 2824 645 2888 καὶ
655 2824 809 2889 ἐκέλευον
821 2825 922 2900 δεῖξαι
932 2817 1015 2904 ὅρον
1025 2827 1057 2887 εἴ
1064 2843 1131 2886 πον
1140 2824 1275 2904 ἔπεστι,

312 2923 366 2989 καὶ
383 2919 648 3007 διεμαρτυρόμην
665 2919 755 3000 ὅπως
771 2920 817 3006 μη’
835 2946 891 3006 μοι
907 2917 1049 3005 ύστερον
1059 2938 1261 2987 κατεσκευα-

313 3021 426 3105 σμένοι
437 3021 602 3087 δανεισταὶ
614 3020 838 3105 φανήσονται,
861 3018 935 3087 τότε
946 3019 1007 3104 μὲν
1020 3017 1121 3086 οὐδὲν
1131 3017 1261 3103 άπέφη-

313 3143 373 3194 νας
382 3125 450 3186 τῶν
459 3127 583 3205 χρεῶν,
606 3117 716 3204 ἐπειδὴ
729 3119 765 3186 δέ
776 3121 918 3207 δευτέρῳ
929 3120 1007 3204 μηνὶ
1018 3115 1080 3203 τὴν
1090 3115 1260 3204 ἀπόφασιν

264 3278 266 3285 ,
313 3215 438 3294 ἔδωκάς
454 3243 509 3302 μοι
517 3226 578 3285 τοῦ
585 3217 696 3304 ’νόμον
707 3218 900 3296 κελεύοντος
911 3225 1013 3302 τριῶν
1023 3214 1173 3305 ἡμερῶν,
1194 3225 1261 3284 νῦν

312 3313 432 3400 ἥκουσι
453 3320 617 3385 δανεισταὶ
634 3320 691 3385 καὶ
707 3313 911 3403 ὀφειλήματα
927 3312 1065 3401 πλέονά
1082 3321 1184 3399 τριῶν
1200 3340 1260 3380 τα-

268 3437 303 3491 29
313 3412 459 3492 λάντων;
478 3411 543 3498 ὅτι,
563 3408 763 3502 ύβέλτιστε,
775 3412 876 3482 οὐδὲν
886 3413 966 3483 άλλο
977 3406 1260 3499 αατασκευάζειςιῖ

313 3510 458 3595 ὅσονπερ
468 3521 564 3601 κοινῇ
574 3517 692 3600 γέγονέ
699 3540 755 3601 μοι
765 3510 847 3597 πρὸς
857 3511 920 3599 τὴν
931 3512 1028 3580 πόλιν
1038 3510 1190 3597 ὄφλημα,
1202 3536 1259 3577 το-
1270 3520 1338 3599 1048

312 3617 413 3678 σούτο
424 3612 478 3678 καὶ
490 3613 541 3678 σοὶ
554 3616 620 3700 ίδίηι
631 3622 697 3682 νύν
709 3612 801 3681 εἶναι.
825 3610 875 3680 ὅτι
887 3609 930 3696 δ’,
943 3603 970 3679 ὅ
981 3618 1162 3706 Φαίνιππε,
1174 3608 1260 3691 ψεύ-

311 3711 361 3775 δει
370 3708 425 3777 καὶ
434 3702 645 3796 ἐπιωρκηκώς
655 3710 746 3798 ἥκεις
756 3709 839 3800 πρὸς
848 3711 1003 3798 τούτους,
1025 3709 1089 3798 ἤδη
1106 3715 1273 3796 φανεροῖς1
