3159 4409
316 509 380 577 τοι
527 513 593 571 ιιι.
630 504 1050 569 Διιιιοκοιινονε
1111 583 1113 587 ,
1202 594 1205 598 λ

315 670 438 751 αάτούς
453 672 508 739 καὶ
526 665 829 744 καταπεπλευκότες
843 673 885 754 τῇ
894 667 949 753 νηὶ
960 672 1006 745 εἰς
1015 663 1052 732 τό
1064 667 1201 733 ἐκείνων
1211 668 1269 752 έμ-

315 772 451 857 κόριον·
473 777 539 837 νῦν
551 766 628 837 δ’ἰ
597 795 612 836 ε
614 765 875 852 λςἈθηναίονςε
877 764 1110 853 ἰσεληλνθόιες
1119 767 1176 832 καὶ
1186 784 1268 851 συγ-

316 869 523 955 γραψάμενοι
544 872 590 946 εἰς
601 893 643 934 το
634 862 824 951 ὑμέτερον
841 865 1003 992 ἐμπόριον
1024 862 1088 932 οόκ
1110 861 1268 950 άξιοάμεν

316 963 578 1051 ἐλαττωθῆναι
558 964 625 1032 νπό
642 971 711 1032 τῶν
726 961 810 1031 καὶ
792 970 878 1050 ημᾶς
888 965 943 1032 καὶ
953 960 1038 1049 όμάς
1050 962 1275 1058 ἦδιιιηκότων.’

271 1081 307 1161 48
400 1067 509 1152 Χωρλς
521 1065 557 1133 δε
567 1087 712 1148 τουτων,
732 1055 905 1145 ωανδρες
900 1071 1085 1148 Αθηναῖοι,
1109 1061 1155 1148 μή
1167 1059 1269 1148 ἄγνο-

316 1178 380 1234 εἴτε
395 1164 447 1232 ότι
463 1164 540 1230 νυνὶ
556 1168 636 1248 μίαν
653 1166 749 1245 δίκην
766 1161 952 1240 δικάζοντες
962 1170 1174 1247 νομοθετεῖτε
1184 1159 1267 1281 ὑπὲρ

315 1262 397 1333 όλου
414 1287 475 1330 τον
460 1264 611 1347 ’ίέμπορ
610 1284 668 1346 ον,
690 1261 746 1327 και
764 1268 945 1343 παρεστᾶσι
967 1263 1083 1328 πολλοὶ
1099 1286 1168 1328 των
1184 1286 1266 1328 κατα

314 1361 485 1429 θάλατταν
503 1359 699 1444 ἐργάζεσθαι
709 1364 986 1523 προαιρουμένων
983 1357 1081 1524 ὲὺμάς
1091 1365 1267 1479 θεωροῦν-

314 1486 367 1540 τες
377 1484 446 1539 πως
455 1485 493 1526 το
506 1481 640 1544 πραμμα
651 1478 742 1525 τουτι
732 1457 891 1541 κρίνετε
919 1462 950 1523 εἰ
957 1457 1095 1542 νγαρ
1107 1455 1201 1542 νμεῑς
1211 1482 1266 1536 τας

315 1555 510 1683 συγγραφάς
525 1553 634 1624 καλ
598 1582 658 1635 τας
672 1552 851 1641 ὁμολογίας
866 1553 925 1633 τάς
943 1552 1026 1638 πρός
1042 1552 1206 1641 άλλήλους
1216 1581 1266 1640 γε

313 1660 476 1743 μνομένας
493 1653 629 1742 ἰσχυράς
645 1654 801 1740 ολήσεσθε
819 1657 889 1722 δεῖν
905 1652 990 1721 εἶναι
1005 1656 1061 1721 καὶ
1076 1667 1147 1732 τοῖς.
1161 1678 1266 1739 καρα-

313 1761 489 1843 βαίνονσιν
507 1751 609 1832 αὐτάς
626 1758 789 1839 μηδεμίαν
800 1752 1116 1837 συγγνώμηνέξετε,
1138 1748 1264 1838 ἕτοιμό-

314 1879 413 1937 τερον
428 1852 629 1937 προήσονται
646 1849 686 1918 τά
705 1853 834 1918 έαυτωῖν
851 1855 886 1917 οἱ
899 1851 950 1917 ἐπὶ
962 1856 1023 1917 τοῦ
1037 1853 1196 1932 δανειζειυ
1207 1847 1264 1922 ὅν-

269 1968 305 2023 49
313 1976 382 2036 τες,
404 1951 440 2017 ἐκ
458 1949 494 2016 δὲ
512 1948 641 2015 τούτων
656 1945 910 2034 ανξηθήοεται
890 1962 971 2034 υμιν
981 1974 1018 2017 το
1006 1945 1204 2037 ἐμπόρων
1237 1957 1265 2023 εἰ

314 2052 427 2136 μέντοι
438 2048 562 2127 ἐξεσται
570 2061 638 2124 τοῖς
647 2047 864 2135 νανκληροις,
887 2047 1264 2138 συγγραφὴνγραψαμέ-

312 2173 384 2226 νοις
401 2137 502 2236 ἐφ’
474 2172 500 2212 ω
519 2171 554 2213 τε
572 2151 666 2213 πλεῖν
683 2143 897 2233 adsumas,
918 2153 1029 2215 ἔπειτα
1039 2174 1196 2234 κατάγειν
1206 2149 1264 2238 τὴν

316 2252 402 2313 ναῦν
418 2247 495 2323 εἰς”
477 2269 571 2330 ετερα
581 2242 723 2330 ἐμπόρια
734 2244 925 2330 φάσκοντας
936 2248 1075 2331 ῥαγῆναι
1087 2249 1143 2315 καὶ
1152 2249 1265 2318 τοιαό-

312 2370 370 2424 τας
381 2343 563 2430 προφάσεις
577 2367 653 2428 πορι
656 2345 857 2432 ζ”ομένονς
823 2364 971 2429 οιαισπερ
982 2348 1038 2413 καὶ
1049 2349 1265 2418 Διονυσόδω-

314 2469 371 2530 ρος
389 2439 502 2510 οὑτοσὶ
521 2451 651 2528 χρῆται,
673 2443 727 2510 καὶ
741 2441 1101 2530 τούςιόκουςμερῖζειν
1112 2445 1264 2532 πρόςτὸν

312 2548 421 2610 πλοάν
430 2538 469 2608 όν
478 2536 521 2608 άν
530 2542 661 2627 φήσωσι
669 2546 899 2630 πεπλευκέναι,
907 2543 1012 2630 καὶμὴ
1022 2543 1105 2631 πρὸς
1113 2544 1265 2632 τὴνσυγ·
1299 2559 1302 2564 ’

312 2636 462 2726 γραφὴν,
484 2636 584 2706 οὐδέν
594 2641 736 2707 κωλύσει
746 2638 876 2709 ἅπαντα
888 2643 928 2709 τά
938 2644 1125 2729 συμβόλαια
1134 2644 1266 2713 διαλύε-

268 2759 303 2811 50
313 2749 403 2807 σθαι.
425 2745 473 2816 τίς
483 2737 546 2822 γάρ
560 2740 712 2825 ἐθελήσει
721 2741 761 2807 τά
773 2742 895 2808 ἑαυτοῦ
908 2745 1087 2828 προέσθαι,
1110 2740 1193 2810 ὅταν
1203 2741 1265 2831 ὁρᾷ

310 2837 368 2917 τάς
378 2835 438 2924 μὲν
450 2835 645 2922 συγγραφάς
656 2834 817 2926 άκάρονς,
830 2838 1005 2924 ἰσχύοντας
1017 2840 1052 2908 δὲ
1062 2838 1142 2918 τοὺς
1152 2841 1265 2909 τοιοό-

309 2963 387 3015 τους
396 2935 633 3022 λόγους,καλ
597 2964 655 3016 τας
666 2963 686 3003 α
688 2942 768 3016 λτίας
778 2945 846 3006 τῶν
856 2937 1064 3024 ἠδικηκότων
1073 2943 1264 3025 ἔμπροσθεν

311 3032 412 3114 οόσας
425 3038 641 3102 τοάδικαίου
633 3028 855 3121 ςμηδαμάς,ά
867 3035 988 3123 ανδρες
998 3042 1166 3106 δικαστά
1137 3036 1265 3106 ίοότε

311 3231 505 3316 ἐργάζεσθαι
516 3234 769 3319 προῃρημένοις,
780 3236 873 3319 οἷπερ
884 3233 1127 3319 χρησιμώτατοί
1136 3240 1199 3302 εἰσι
1210 3236 1265 3303 καὶ

312 3337 408 3415 κοινῇ
418 3337 520 3396 πᾶσιν
530 3326 610 3415 ὑμῖν
620 3331 674 3398 καὶ
686 3334 752 3418 ἰδίᾳ
763 3339 812 3419 τῷ
823 3333 1066 3418 ἐντυγχάνοντι.
1087 3332 1203 3418 διόπερ
1215 3337 1316 3402 &affl

311 3420 397 3510 ὑμᾶς
408 3423 520 3494 αὐτῶν
530 3431 715 3515 ἐπιμέλειαν
724 3440 899 3498 ποιεῖσθαι.

393 3520 473 3607 Ἐγώ
486 3526 547 3611 μὲν
565 3520 629 3596 οόν
649 3528 774 3620 ὅσαπερ
786 3525 856 3608 οἷός
874 3526 900 3594 τ’
919 3523 963 3616 ἦν
982 3538 1112 3616 ελρηκα
1135 3528 1216 3610 άξιοῖ
1226 3531 1262 3598 δὲ

310 3627 367 3692 καὶ
376 3629 443 3689 τάν
453 3629 560 3707 φίλων
569 3634 627 3711 μοί
633 3653 707 3694 τινα
716 3641 894 3696 συνειπεῖν.
915 3627 1260 3714 δεύρο,Δημόσθενες.
