3159 4409
278 476 343 542 σιο
527 442 1004 554 [ΑΗΜοΣειιΝονΣ]’

281 637 449 722 δύνασθε,
470 632 539 704 ἄλλ’
556 633 579 703 δι’
595 633 676 714 τούς
695 638 762 724 ίδίφ
779 638 1016 722 περιμένοντας
1035 630 1232 721 ἀβελτέρους

281 741 444 823 νομίζετε,
462 732 552 803 ταῦτ’
565 733 660 803 αύτοὶ
678 738 821 822 δημοσίᾳ
838 759 896 820 μοι
913 738 1039 803 δοκεῖτε
1055 730 1233 819 ἀναμένειν

281 833 449 914 παθόντες
458 838 647 904 αἰσθέσθαι

718 939 795 1001 ΜΓ.

366 1030 485 1112 Ούδελς
502 1031 635 1100 πάποτε
651 1040 730 1110 ίσως
752 1027 850 1116 ὑμῶν
870 1026 1039 1116 ἐζήτησεν,
1064 1020 1093 1095 ιδ
1112 1025 1232 1112 ἄνδρες

277 1132 455 1220 Ἀθηναῖοι,
466 1158 497 1200 τι
492 1131 630 1219 δήποτε
641 1135 676 1198 οί
683 1154 793 1209 κακως
803 1126 1149 1214 πράττοντεςάμεινον
1158 1131 1232 1214 περί

279 1257 347 1299 των
360 1255 563 1317 πραγμάτων
571 1255 641 1298 των
649 1253 907 1315 ευπραττοντωυ
916 1227 1146 1315 βουλεύονται
1164 1233 1231 1295 ἔστι

279 1319 313 1399 δ’
331 1327 392 1416 ούχ
411 1332 574 1416 ἑτέρωθίν
593 1337 703 1397 ποθεν
722 1334 821 1396 τοῦτο
841 1326 1057 1412 γιγνόμενον,
1086 1322 1200 1392 άλλ”’
1179 1350 1230 1393 οτι

260 1504 262 1508 ,
279 1436 454 1517 συμβαίνει
469 1440 538 1514 τοῖς
555 1426 616 1514 μὲν
633 1427 715 1514 μήτε
731 1433 910 1513 φοβεῖσθαι
926 1426 1008 1512 μηδὲ
1009 1451 1032 1491 ν
1046 1422 1169 1511 μήθ’
1145 1452 1166 1492 α
1183 1449 1230 1502 τις

279 1522 323 1594 άν
338 1532 429 1614 λίγοι
445 1526 538 1594 δεινά
556 1523 762 1613 προσήκονθ’
774 1522 887 1604 αὑτοῖς
901 1521 1072 1610 ἡγεῖσθαι·
1101 1548 1180 1601 τους
1189 1521 1227 1590 δὲ

278 1630 419 1710 πλησίον
429 1623 527 1704 ὄντας
538 1631 607 1693 τῶν
617 1622 876 1710 ἁμαρτημάτων,
900 1621 982 1690 ὅταν
1000 1628 1047 1700 είς
1063 1622 1101 1689 τὸ
1120 1629 1229 1704 κακῶς

277 1723 431 1807 πράττειν
454 1721 654 1809 ἀφίκωνται,
686 1723 865 1809 σώφρονας
888 1720 972 1810 πρὸς
991 1721 1031 1789 τά
1053 1720 1154 1790 λοιπά
1175 1723 1290 1792 καλιλόι

277 1825 430 1907 μετρίους
440 1823 582 1907 παρέχει.
600 1824 791 1889 σπουδαίων
801 1828 917 1889 τοίνυν
924 1823 1014 1889 ἐστὶν
1022 1817 1227 1908 άυθράπωυ,

277 1917 360 1987 ὅταν
369 1926 522 2006 βελτίστη
538 1927 578 2005 τῇ
596 1919 750 2008 παρούσῃ
768 1919 850 2008 τύχη
859 1928 1017 2008 χρῶνται,
1039 1922 1115 1995 τότε
1127 1928 1227 1989 πλείω
1247 1979 1251 1984 .

276 2014 339 2104 τὴν
349 2017 501 2102 σπουδηυ
512 2016 595 2101 πρὸς
603 2016 640 2084 τὸ
651 2033 840 2104 σωφρονεῖν
850 2025 951 2105 ἔχειν·
978 2018 1227 2106 ούδέυγὰρού-

275 2141 310 2183 τε
320 2118 578 2201 φυλαττομένοις
594 2115 683 2184 οὕτω
700 2115 815 2185 δεινὰν
832 2115 906 2186 ὥστ’
918 2117 1114 2204 ἀφύλακτον
1130 2116 1225 2199 εἶναι,

276 2212 353 2281 οὔτε
374 2211 594 2300 ὀλιγωροῦσιν
621 2211 875 2303 ἀπροσδόκητον
899 2229 1031 2286 παθεῖν.
1082 2216 1227 2304 λέγωδὲ

275 2320 378 2380 ταῦτα
396 2310 458 2399 ούχ
472 2317 529 2380 ἵνα
545 2311 607 2399 την
624 2312 731 2394 άλλως
746 2313 833 2401 ὑμᾶς
852 2320 1063 2403 δεδίττωμαι,
1085 2312 1155 2384 ἀλλ’
1171 2320 1226 2383 ἵνα

275 2409 320 2498 μὴ
333 2409 387 2479 διά
399 2411 460 2499 τὴν
471 2421 647 2498 παροῦσαν
664 2413 861 2499 εύπραξίαυ,
885 2413 907 2482 δι’
922 2414 1039 2501 γένοιτ’
1050 2411 1111 2501 δν,
1135 2421 1166 2483 εί
1181 2415 1224 2500 μὴ

275 2511 506 2596 προνοησεσθε
516 2519 585 2580 τῶν
595 2515 816 2599 πραγμάτων,
829 2511 920 2581 δεινά
933 2512 1113 2592 άκούουτες
1124 2539 1226 2581 κατα-

275 2615 438 2695 φρονῆτε,
450 2607 520 2679 ἀλλ’
535 2609 618 2679 ἄνευ
628 2620 689 2679 τού
699 2622 837 2696 παθεῖν,
851 2610 962 2699 ὥσπερ
973 2614 1041 2681 ἐστὶ
1053 2621 1225 2699 προσηκον

274 2707 465 2792 φάσκοντας
480 2735 518 2794 γε
532 2712 685 2797 μηδίνων
703 2709 943 2780 ἀπολείπεσθαι
956 2719 1004 2799 τῷ
1021 2725 1224 2798 σωφρονεῖν,

272 2809 475 2895 φυλάξησθε.

281 2951 283 2961 =
707 2917 789 2978 MA.

358 3004 441 3093 Ούχδ
452 3005 512 3075 τδυ
523 3005 627 3077 αὐτὸν
639 3007 722 3076 εἶναι
733 3006 853 3093 καιρὸν
863 3005 1046 3094 ὑπείληφα,
1065 3000 1225 3094 άάυδρες

267 3105 452 3193 Ἀθηναῖοι,
473 3113 535 3173 τοῦ
549 3111 742 3193 χαρίζεσθαι
765 3109 900 3176 καὶτοῦ
919 3104 959 3173 τά
980 3107 1146 3175 δοκοῦντά
1166 3133 1226 3193 μοι

269 3208 420 3291 βέλτιστα
431 3218 613 3290 παραινεῖν.
646 3206 804 3285 πολλάκις
818 3203 882 3291 γὰρ
900 3203 970 3290 ὁρῶ
981 3202 1018 3273 τὰ
1029 3200 1231 3291 χαρίζεσθαί.

269 3327 300 3366 τι
318 3301 407 3390 πυρά
424 3303 564 3390 γνω’μην
586 3311 723 3374 πλείονα
740 3302 922 3391 ἀπέχθειαν
940 3300 1078 3388 ἐνεγκόυ
1098 3312 1162 3370 τοῦ
1183 3302 1222 3372 τό

270 3406 403 3485 πρῶτον
419 3407 673 3490 ἐναντιωθῆναι.
705 3411 736 3474 εί
756 3405 818 3492 μὲν
834 3396 899 3473 ούυ
914 3402 1057 3482 ἅπαντες
1077 3404 1226 3489 ἐγιγνώ-

268 3520 363 3568 σκετε
374 3497 494 3589 ταύτδι,
502 3500 568 3570 οὔτ’
579 3498 639 3591 άν,
661 3514 693 3572 εί
700 3530 756 3591 μοι
765 3531 806 3572 τα
794 3504 935 3573 δέοντα
945 3505 1086 3571 ἐδοκεῖτε
1096 3526 1223 3624 προαι-

268 3607 409 3722 ρεῑσθμι,
422 3610 608 3718 παρῆλθον,
627 3611 804 3690 περιεργον
813 3627 999 3690 ηγουμευος
1008 3616 1076 3680 τοις
1085 3627 1135 3687 αφ
1155 3599 1224 3668 αύ-
1247 3606 1253 3623 ⁴

266 3723 335 3766 των
345 3696 368 3766 δι
377 3722 438 3786 χρη
451 3710 584 3770 ποιοῦσι
595 3707 713 3790 λέγειν,
726 3699 794 3771 οὔτ’
804 3698 847 3770 άυ
859 3707 890 3771 εί
899 3700 1110 3771 τούναντίον·
1132 3708 1221 3786 μᾶλ-
