3159 4409
399 502 524 565 ΚΑΤΑ
537 501 686 563 ΕῬΕΡΓ.
709 501 794 561 ΚΑΙ
812 501 1003 564 ΜΝΗΣΙΒ.
1029 504 1163 565 MTA.
1196 501 1257 568 115

292 659 398 754 4αὑτῷ
422 661 534 731 ἐλθόν
555 669 601 740 είς
622 660 727 747 ἀγρόν
742 659 782 728 τὰ
800 658 968 731 ὑπόλοιπα
986 666 1105 751 σκεύη,
1126 674 1160 733 εί
1169 690 1200 732 τι
1216 673 1258 753 τῇ

308 768 489 847 προτεραίᾳ
507 763 544 828 ἐν
558 768 606 845 τῷ
623 757 741 848 πύργφ
757 752 803 846 ήν
818 764 874 828 καλ
890 761 953 831 οὐκ
966 768 1084 849 ’ἔτυχεν
1095 769 1154 843 ἔξω
1164 763 1256 851 ὄντα,

309 857 421 945 ἐπειδή
440 857 470 925 δ’
488 860 552 943 ἐγώ
568 851 696 945 ήλθον,
719 855 773 925 ὂιέι
791 859 853 942 τήν
864 866 977 945 χρείαν
987 866 1190 948 κατηνέχθη,
1202 865 1258 930 ἐκ·

309 959 423 1046 βαλών
441 957 504 1044 τήν
520 959 636 1043 θύραν
651 957 758 1044 ήνπερ
776 959 832 1025 καί
848 965 889 1046 τῇ
905 965 1083 1048 προτεραίᾳ
1104 961 1259 1046 ἐξέβαλον

309 1065 418 1135 κακῶς
434 1059 666 1143 ἐνεστηκυῖαν,
689 1053 790 1144 η’όχετό
807 1081 873 1142 μον
893 1057 1007 1144 λαβών
1027 1057 1068 1128 τὰ
1090 1059 1209 1146 σκεύη·
1231 1050 1259 1144 ᾦ
1287 1054 1289 1059 ’

308 1156 385 1248 οὔτε
404 1160 499 1241 δίκην
516 1153 700 1242 ὠφλήκειν,
723 1153 802 1224 οὔτε
817 1155 1021 1241 συμβόλαιον
1036 1149 1080 1243 ήν
1101 1182 1158 1242 μοι
1178 1153 1260 1240 πρὸς

260 1252 413 1324 δίαύτόν
423 1253 531 1322 οὐδέν.
549 1255 781 1332 έκτίνοντοςδέ
789 1260 912 1342 μον-τῷ
921 1245 1135 1346 Θεοφήμφ,ᾦ
1146 1251 1259 1340 ὠφλή-

308 1379 381 1420 κειν
404 1352 467 1440 τήν
489 1358 599 1441 δίκην,
621 1351 732 1436 ἐπειδὴ
756 1354 901 1430 ἐξέτινον
926 1359 1061 1419 πολλῶν
1082 1351 1259 1435 παρόντων

240 1462 254 1485 ’·
294 1452 488 1537 μαρτύρων
502 1458 606 1536 χιλίας
621 1449 683 1535 μὲν
692 1451 749 1516 καὶ
762 1446 883 1516 ἑκατόν
897 1447 1042 1535 δραχμὰς
1053 1450 1259 1534 τήνκαταδί-

307 1578 387 1636 κην,
409 1549 615 1636 ὀγδοήκοντα
633 1547 669 1615 δέ
685 1549 742 1615 καί
758 1546 875 1614 ἑκατόν
886 1545 1031 1633 δραχμὰς
1041 1550 1096 1615 καὶ
1108 1561 1193 1633 τρεῖς
1204 1548 1260 1614 καὶ

282 1693 285 1696 -
308 1647 364 1715 (λύ’
378 1645 487 1733 ὀβολοί
497 1646 560 1731 τήν
572 1647 772 1731 ἐπωβελίαν,
790 1643 967 1730 τριάκοντα
979 1646 1014 1713 δέ
1025 1644 1066 1713 τὰ
1078 1659 1260 1731 πρυτανεία

308 1753 392 1832 (τῶν
403 1743 468 1829 γὰρ
479 1742 589 1811 ἄλλων
600 1741 700 1811 οὐδὲν
707 1739 802 1832 ἀὐτῷ
812 1746 981 1830 ἐπιτιμίων
991 1737 1131 1830 ὦφλον),
1143 1743 1257 1831 λαβών

305 1850 424 1913 τοίνυν
440 1840 519 1926 παρ’
531 1845 613 1928 ἐμοῦ
625 1843 677 1910 ἐπί
686 1849 729 1928 τῇ
738 1845 880 1931 τραπέζῃ
890 1849 992 1926 χιλίας
1001 1851 1189 1928 τριακοσίας
1200 1846 1258 1910 δε-

305 1955 436 2028 κατρείς
448 1938 503 2009 δύ’
516 1937 642 2028 ὀβολοὶ,
661 1941 698 2011 τό
710 1940 847 2028 σύμπαν
857 1941 1056 2027 κεφάλαιον,
1073 1938 1258 2009 ἀπαιτοῦν-

305 2067 361 2120 τος
373 2045 454 2127 ἐμοῦ
464 2039 504 2108 τό
515 2065 550 2107 τε
562 2038 712 2127 πρόβατα
722 2043 777 2108 καί
786 2038 827 2107 τοὶ
836 2038 1031 2129 ἀνδράποδα
1041 2043 1096 2109 καί
1104 2039 1144 2108 τό
1153 2040 1256 2126 σκεύη

306 2139 479 2226 α’ήρπόκει
489 2165 555 2225 μον
562 2190 572 2223 ,
594 2136 656 2206 οὐκ
668 2144 731 2226 ἔφη
743 2136 933 2208 ἀποδώσειν
945 2167 1017 2226 μοι,
1039 2146 1070 2208 εί
1079 2141 1125 2227 μή
1135 2167 1184 2218 τις
1193 2137 1257 2205 αό-

305 2239 367 2307 τὸν
383 2238 505 2326 ἀφήσει
523 2241 579 2307 καί
595 2236 674 2317 τούς
691 2235 761 2323 μετ’
781 2235 888 2305 αὐτοῦ
898 2245 966 2305 τῶν
977 2238 1192 2323 ἐγκλημάτων
1201 2238 1257 2304 καὶ

260 2362 296 2416 65
306 2337 384 2416 τοὺς
401 2338 572 2423 μα’ρτνρας
587 2343 657 2404 τῶν
673 2340 981 2422 ψευδομαρτυριῶν.
1012 2343 1116 2402 ταῦτα
1126 2335 1162 2403 δέ
1172 2332 1256 2402 ἆτο-
1263 2346 1333 2404 1159

306 2439 509 2522 κριναμένον
523 2433 629 2502 αὐτοῦ
639 2433 810 2519 μάρτυρας
821 2437 881 2518 μὲν
892 2431 1095 2519 ἐποιησάμην
1105 2440 1162 2517 τῆς
1172 2428 1257 2500 ἄπο-

292 2543 445 2621 ·κρίσεως
456 2532 535 2612 τούς
546 2531 731 2618 παρόντας,
747 2529 810 2617 τήν
822 2530 857 2598 δὲ
868 2535 964 2618 δίκην
975 2534 1114 2616 ἐξένισα,
1133 2528 1258 2618 ὑπερή-

304 2660 409 2721 μερον
426 2633 462 2702 δέ
480 2631 543 2701 οὐκ
562 2629 658 2724 ρ’ίμην
674 2626 1001 2715 δείνέματκόνεῖναι.
1034 2629 1135 2698 τόνδ’
1148 2629 1258 2716 Εὔερ-

303 2759 366 2819 γον
377 2729 449 2800 οὐδ’
463 2729 563 2819 ’ᾔδειν
581 2728 820 2816 είσεληλνθότα
830 2755 897 2815 μου
907 2734 953 2808 είς
962 2728 1024 2816 τήν
1035 2736 1144 2799 οίκίαν
1154 2727 1256 2816 ταότη

302 2839 343 2920 πή
353 2830 471 2917 ήμέρᾳ,
480 2826 548 2898 ἀλλ’
556 2826 703 2916 αὕτίκαή
715 2833 789 2915 δίκη
799 2829 1044 2923 ἐξετέτιστο,καί
1053 2827 1138 2912 εἶχεν
1147 2823 1256 2896 ὁΘεό-

304 2955 414 3016 φημος
429 2929 470 2997 τό
485 2954 519 2996 τι
537 2927 687 3015 πρόβατα
703 2925 809 2997 καὶτὰ
820 2925 1015 3012 ἀνδράποδα
1031 2930 1086 2995 καὶ
1101 2925 1141 2993 τὰ
1153 2925 1254 3011 σκεύη

302 3026 393 3116 τατή
399 3034 577 3115 προτεραίᾳ
586 3027 835 3114 περιγενόμενα,
843 3029 899 3095 καὶ
907 3018 1137 3111 όίγγελοςήλθέ
1141 3029 1254 3110 μοιλι-

302 3128 453 3206 θοκόπος
462 3153 520 3210 τις,
534 3124 570 3193 τό
582 3131 723 3211 πλησίον
732 3133 844 3212 μνήμα
855 3124 1080 3211 ἐργαζόμενος,
1092 3121 1143 3189 ὅτι
1154 3122 1255 3192 πόλιν

288 3237 425 3312 οἴχεται
436 3223 585 3310 Εὔεργος
602 3222 642 3292 τὰ
659 3222 826 3293 ὑπόλοιπα
837 3225 938 3309 σκεόη
950 3220 1136 3307 ἐκφορήσας
1148 3225 1185 3291 ἐκ
1195 3229 1254 3309 τῆς

257 3339 293 3394 66
302 3330 423 3402 οίκίας·
447 3322 528 3409 πρὸς
546 3321 587 3391 ὃν
604 3322 704 3392 οὐδέν
715 3351 771 3411 μοι
782 3333 917 3409 πρᾶγμα
927 3315 980 3408 ήν.
1014 3312 1252 3408 ὡςοῦνᾶληθή

302 3425 405 3508 λέγω,
428 3424 482 3490 καλ
493 3421 544 3490 ὅτι
553 3430 593 3510 τῇ
604 3423 665 3510 μέν
674 3429 854 3509 προτεραίᾳ
865 3419 1045 3507 εἰλήφεσάν
1055 3447 1121 3507 μου
1130 3421 1170 3490 τὰ
1181 3424 1253 3490 ἐνέ-

301 3548 404 3608 χυρα,
430 3529 471 3609 πή
482 3519 511 3588 δ’
537 3518 694 3610 ὑστεραία
717 3525 912 3607 ἐκομίσαντο
934 3516 970 3585 τό
993 3517 1156 3613 ιἰργόριον
1173 3517 1252 3601 παρ’

302 3624 385 3707 ἐμοῦ
406 3624 526 3698 (καίτοι
548 3628 617 3698 τοῖς
638 3615 698 3705 ι’ίν,
721 3625 752 3686 εί
767 3617 812 3704 μή
830 3621 1071 3702 πεπορισμένον
1086 3643 1122 3686 τε
1138 3609 1182 3700 ήν
1199 3615 1253 3680 καὶ

302 3721 516 3803 ἐπηγγέλκειν
531 3713 642 3796 αὐτοῖς
648 3767 659 3802 ,
681 3713 787 3794 εὐθὺς
804 3711 848 3784 ἄν
864 3714 1031 3803 ἀπέλαβον
1038 3723 1062 3799 ;)
1083 3716 1137 3842 {al
1153 3710 1253 3779 πάλιν

1062 3812 1080 3864 8
