3159 4409
381 505 505 568 ΚΑΤΑ
520 503 672 579 mm
692 502 775 565 ΚΑΙ
788 502 983 605 ΜΝΗΣΙίλ.
1010 505 1141 569 mm
1174 505 1235 570 lll

285 666 467 756 ἠδίκησαν,
489 671 746 751 λειτουργοῦντα
766 663 828 751 μὲν
844 661 926 751 ύμῖν
942 666 1139 752 προθύμως,
1161 692 1236 736 ποι-

288 776 393 835 οῦντα
411 769 447 834 δὲ
459 766 499 834 τά
511 762 794 853 προσταττόμενα,
816 759 1045 849 ὑπηρετοῦντα
1056 763 1092 830 δὲ
1101 778 1168 844 τοῖς
1178 766 1237 834 υό-

287 892 362 953 μοις
371 869 425 933 καί
435 880 503 944 τοῖς
513 869 701 951 ψηφίσμασι
713 876 781 940 τοῖς
790 857 967 949 ὑμετέροις.
1000 858 1044 940 ὥς
1056 858 1088 929 δ’
1100 860 1162 931 ούκ
1174 863 1236 949 ἐγώ

287 965 390 1051 μόνος
401 966 591 1051 παρέλαβον
600 960 689 1048 παρά
698 967 755 1046 τῆς
763 958 864 1048 ἀρχῆς
871 969 992 1028 τοῦτον
1002 961 1238 1049 εἰσπράξασθαι

288 1062 391 1147 σκεύη
410 1059 587 1147 ὀφείλοντα
603 1068 645 1147 τῇ
661 1059 769 1145 πόλει,
792 1057 876 1127 ἀλλά
892 1062 947 1127 καὶ
963 1058 1057 1129 ῦλλοι
1066 1069 1134 1129 τῶν
1146 1087 1239 1147 τριη-
1247 1078 1314 1132 1154

288 1161 421 1248 ράρχων
438 1162 570 1247 ἑτέρους
590 1159 823 1243 εἰσεπράξαντο
844 1155 904 1238 οῦς
925 1163 1130 1246 παρέλαβον,
1154 1157 1239 1228 ἀνά-

286 1268 399 1346 γνωθί
407 1287 462 1347 μοι
475 1258 588 1328 αύτοῦν
598 1257 657 1338 τάς
667 1264 856 1344 μαρτυρίας.

634 1425 895 1486 ΜκΡΤνΡιΑι.
954 1455 982 1512 ·.

241 1584 278 1641 49
371 1547 540 1633 Βούλομαι
555 1554 688 1630 τοίνυν,
713 1539 875 1631 ἀάνύρες
892 1549 1056 1633 δικασταὶ,
1081 1547 1238 1616 καὶάπό-

284 1655 402 1715 πονθα
429 1642 490 1711 ὑπ’
518 1642 633 1711 αύτοῦν
665 1644 887 1730 διηγήσασθαι
907 1641 995 1731 ὑμῖν.
1038 1644 1149 1732 ἐπειδή
1171 1644 1236 1732 γάρ
1279 1717 1281 1720 ,

284 1738 404 1830 ὦφλον
422 1740 533 1820 αὐτοῖς
548 1741 612 1829 τήν
631 1747 726 1829 δίκην
737 1740 791 1828 ἐφ’
803 1735 827 1830 ή
836 1740 1089 1828 τούςμάρτνρας
1099 1743 1237 1822 τούτους

283 1841 398 1911 ύιάκω
409 1839 449 1908 τά
460 1844 568 1926 ψευδῆ
579 1841 878 1930 μεμαρτυρηκότας,
890 1840 1089 1925 προσελθύν
1098 1852 1145 1934 τῷ
1152 1851 1237 1911 Θεο-

284 1941 387 2030 φήμφ
399 1939 581 2026 μελλούσης
592 1965 649 2026 μοι
661 1938 723 2026 ήδη
735 1939 863 2026 ἐξήκειν
873 1947 929 2027 τῆς
937 1937 1156 2028 ὑπερημερίας
1164 1944 1237 2011 ἐδε-

284 2041 379 2126 ήθην
399 2035 504 2105 αὐτοῦ
524 2041 669 2124 ἐπισχεῖν
688 2064 745 2124 μοι
766 2035 881 2123 ὀλίγον
897 2039 1036 2126 χρόνον,
1058 2037 1237 2124 λέγοντάς

285 2135 462 2223 ἀληθείας,
485 2134 536 2204 ὅτι
552 2138 797 2222 πεπορισμένου
813 2144 874 2204 τοῦ
890 2134 1083 2223 ἀργυρίονῦ
1099 2143 1236 2223 ἔμελλον

242 2269 278 2322 50
287 2233 379 2325 αὐτῷ
391 2237 531 2302 ἐκτίνειν
540 2237 727 2322 συμβέβηκέ
735 2261 791 2321 μοι
799 2243 999 2323 τριηραρχία,
1006 2239 1067 2303 ’καί
1077 2235 1237 2304 ἀποστίλ-

287 2343 359 2402 λειν
370 2331 424 2400 διά
438 2331 558 2418 τάχους
569 2338 619 2400 δεῑ
627 2334 689 2419 τήν
699 2332 832 2418 τριήρη,
849 2337 903 2400 καί
914 2331 932 2400 ὁ
943 2332 1237 2419 στρατηγόςἏλκί-

287 2457 390 2520 μαχος
407 2428 499 2519 αύτῷ
517 2430 779 2515 παρασκευάζειν
792 2430 920 2497 κελεύει
929 2431 1053 2517 ταύτην
1063 2432 1125 2516 τήν
1135 2439 1237 2497 ναῦν·

286 2529 326 2599 τύ
339 2523 403 2597 οῦν
420 2527 584 2614 ἀργύριον
601 2525 638 2594 τό
659 2529 903 2613 πεπορισμένον
919 2534 965 2616 τῷ
978 2527 1143 2617 Θεοφήμῳ
1154 2525 1238 2595 ἀπο-

288 2633 409 2696 δοῦναι
419 2630 570 2696 ἐνταῦθα
579 2624 837 2713 κατεχρησάμην.
856 2625 1033 2713 ἐδεόμηνιί
1043 2625 1147 2694 αὐτοῦ
1156 2624 1239 2694 ἀνα-

288 2729 452 2812 βαλέσθαι
462 2723 525 2812 τήν
536 2721 775 2811 ὑπερημερίαν,
793 2726 853 2802 ἕως
864 2719 908 2792 ἀν
918 2721 979 2811 τήν
989 2733 1075 2793 ναῦν
1086 2721 1240 2792 ἀποστεί-
1272 2722 1274 2726 ’

287 2833 345 2892 λω.
380 2820 398 2891 ὁ
417 2827 453 2892 δὲ
472 2820 596 2912 ῥᾳδίοις
611 2850 667 2909 μοι
683 2825 738 2892 καί
754 2821 886 2902 ἀκάκως
896 2822 1120 2909 ἀποκρίνεται·
1140 2821 1240 2892 οὐδὲν

288 2920 428 3004 κωλύει,
447 2927 525 3007 ἐφη·
548 2920 622 2989 ἀλλ’
635 2919 840 3007 ἐπειδάντήν
851 2928 938 2989 ναῦν
948 2920 1157 3011 ἀποστείλῃς,
1176 2922 1239 2989 πό-

242 3050 277 3103 51
288 3027 355 3106 ριζε
366 3021 420 3088 καὶ
432 3023 511 3106 ἐμοί.
534 3017 803 3105 ἀποκριναμένου
813 3023 852 3088 δέ
859 3046 915 3106 μοι
925 3028 1027 3088 ταῦτα
1037 3030 1098 3089 τοῦ
1105 3019 1239 3106 Θεοφή-

287 3146 358 3209 μου
373 3121 429 3188 καὶ
438 3116 692 3207 ἀναβαλομένου
703 3116 764 3204 τήν
773 3116 996 3207 ὑπερημερίαν
1002 3170 1012 3204 ,
1033 3121 1088 3186 καὶ
1098 3119 1238 3204 μάλιστά

288 3245 356 3305 μου
374 3217 611 3295 πιστεύσαντος
627 3225 666 3305 τῇ
682 3243 718 3284 τε
736 3218 909 3304 ἐπισκήψει
924 3226 993 3285 τῶν
1008 3221 1238 3304 ψευδομαρτυ-

288 3324 375 3402 ριῶν
384 3317 497 3406 καὶτῷ
507 3316 551 3403 μή
565 3318 694 3407 ἐῦέλειν
705 3314 808 3385 αύτόν
816 3321 1024 3400 παραδοῦναι
1031 3314 1093 3403 τήν
1101 3315 1238 3404 ἀνθρω-

289 3439 372 3503 πον,
399 3412 443 3493 ύς
460 3413 559 3482 ούύέν
575 3409 620 3481 ἀν
629 3416 969 3500 νεωτερίσαντοςπερὶ
978 3412 1064 3500 τάμά
1070 3466 1080 3500 ,
1101 3414 1164 3501 ἐγώ
1175 3418 1237 3503 μὲν

289 3513 352 3601 τήν
368 3513 483 3601 τριήρη
501 3511 711 3599 ἀποστείλας,
735 3510 776 3580 ού
796 3520 930 3591 πολλοῖς
946 3508 1080 3598 ήμέραις
1096 3513 1237 3596 ῦστερον

290 3621 430 3698 πορίσας
446 3613 482 3681 τό
501 3610 679 3698 ἀργύριον,
702 3609 902 3698 προσελθών
919 3607 1008 3700 αύτῷ
1019 3614 1173 3681 ἐκέλευον
1184 3612 1237 3678 ἐπὶ
1329 3627 1331 3630 ’

290 3710 353 3798 τήν
369 3713 531 3798 τράπεζαν
546 3709 804 3780 ἀκολουθοῦντα
819 3714 1009 3796 κομίζεσθαι
1023 3710 1086 3797 τήν
1098 3711 1237 3777 καταῦίν
