3159 4409
276 473 340 541 ειν
534 469 980 550 [ΔΗΜοΣοαΝονΣ]

277 642 439 721 κρατῆσαι
456 635 664 719 μαχομένους
681 638 750 699 τῶν
766 633 898 717 ἐχθροῖν
914 630 993 710 τοὺς
1015 629 1077 717 τὴν
1094 639 1156 720 τοῦ
1172 631 1234 718 ρή-

279 758 380 821 ματος
391 731 530 800 ’τούτων
549 730 732 816 σεμνότητα
763 735 850 818 ἔργῳ
872 732 1089 817 ληψομένους.
1128 736 1234 799 είπεϊυ

235 882 240 889 ι
278 831 431 919 μὲνγὰρ,
454 822 614 915 όόίνδρες
631 826 819 914 Ἀθηναῖοι,
840 828 951 897 πάντα
961 832 1091 915 πέφυκε
1101 829 1232 917 ῥᾴδιον,

278 935 398 1018 πρᾶξαι
415 928 446 998 δ’
461 927 522 1016 οὐχ
540 928 679 997 ἅπαντα.
712 925 755 996 οὐ
771 924 837 1014 γάρ
855 936 926 1005 λσος
942 927 1045 1006 πόνος
1060 929 1117 996 καὶ
1132 926 1234 1013 ίδρός

278 1027 343 1116 πρό
354 1054 389 1098 τε
399 1034 460 1096 τοῦ
476 1030 585 1114 λέγειν
601 1029 658 1095 καί
673 1025 738 1113 πρό
749 1034 811 1094 τοῦ
821 1026 977 1112 πράττειν
988 1029 1087 1095 ἐστίν.
1121 1025 1188 1112 ἐγώ
1201 1022 1231 1094 δ’
1240 1047 1296 1102 1453

225 1213 232 1222 .
278 1127 320 1199 οό
335 1135 465 1216 χείρους
481 1125 569 1214 ὑμᾶς
584 1123 728 1213 ἡγοῦμαι
745 1125 848 1210 φύσει
860 1132 1015 1213 Θηβαίων
1032 1122 1179 1211 (καὶγὰρ
1190 1121 1233 1192 όν

276 1233 486 1314 μαινοίμην),
509 1222 578 1293 ἀλλ’
602 1222 941 1309 άπαρασκευοτέρους.
985 1228 1070 1310 φημὶ
1093 1223 1133 1310 δὴ
1162 1228 1233 1292 δεῖν

276 1333 337 1394 τοῦ
348 1322 656 1411 παρασκευάζεσθαι
666 1330 732 1392 νῦν
742 1332 912 1391 ποιεῖσθαι
928 1322 989 1409 τὴν
1000 1320 1123 1409 ἀρχὴν,
1143 1326 1232 1391 ἐπει-

271 1425 317 1512 δη
329 1429 407 1503 τέως
417 1421 564 1510 ἠμελεῖτε
573 1430 634 1491 τοῦ
645 1426 907 1508 διαγωνίζεσθαι.
935 1419 978 1491 οά
991 1421 1057 1509 γάρ
1068 1420 1229 1509 ἀντιλέγω

275 1522 312 1593 τό
324 1522 421 1608 ὅλον,
442 1519 511 1591 ἀλλ’
523 1518 606 1608 ὑπὲρ
622 1529 684 1590 τοῦ
694 1519 822 1606 τρόπου
832 1529 889 1606 τῆς
906 1520 1122 1607 ἐγχειρήσεως
1131 1523 1230 1590 ἐναν-

275 1648 417 1708 τιουμαι.

445 1791 447 1793 ‚
704 1725 783 1796 Mg.

350 1815 453 1904 ’Όσην
463 1818 535 1904 μὲν,
548 1810 705 1905 όάνδρες
713 1815 899 1902 Ἀθηναῖοι,
916 1820 1111 1902 πεποίηνται
1123 1824 1229 1885 σπου-

258 1929 264 1942 ·
276 1913 339 2002 δὴν
352 1919 385 1982 οί
394 1919 547 2002 πρέσβεις
558 1923 783 2002 κατηγορῆσαι
792 1922 851 2000 τῆς
863 1912 990 1994 πόλεως
999 1913 1108 2003 ἡμῶν,
1119 1915 1230 1984 ἅπαν-

274 2040 327 2092 τες
344 2012 515 2098 ἑοράκατε·
542 2010 629 2099 πλὴν
646 2013 709 2097 γάρ
727 2010 790 2079 οὐκ
807 2017 869 2097 ἔχω
892 2019 982 2093 τίνος
998 2022 1098 2100 είπω,
1127 2016 1229 2082 τᾶλλα

275 2112 382 2181 πάντα
398 2109 478 2196 ὑμῖν
496 2107 673 2178 άναθείυαι
690 2117 913 2195 πεπείρανται.
945 2118 977 2180 εί
992 2113 1055 2197 μὲν
1065 2105 1131 2180 οὖν
1141 2106 1228 2199 ἦσαν

275 2207 388 2278 αὐτῶν
398 2208 534 2295 άληθείς
545 2213 582 2277 αί
591 2216 801 2297 κατηγορίαι,
824 2210 922 2297 χάριν
934 2236 972 2295 γε
983 2221 1083 2297 είχετε
1096 2212 1229 2290 εἰκότως

274 2306 327 2394 άν,
339 2313 370 2377 εί
380 2307 464 2396 πρὸς
475 2307 560 2396 ὑμᾶς
571 2307 678 2389 οὕτως
688 2306 785 2396 άμιόν
796 2310 1005 2396 κατηγόρουν
1016 2313 1071 2378 καὶ
1088 2308 1134 2396 μὴ
1146 2308 1230 2395 πρὸς

274 2407 405 2488 ἄλλους.
435 2406 546 2495 ἐπειδὴ
560 2408 596 2477 δέ
614 2409 867 2495 διαστρέφοντες
877 2405 1025 2494 τάληθῆ,
1048 2410 1103 2476 καὶ
1115 2406 1156 2475 τά
1168 2408 1230 2494 μὲν

273 2511 550 2594 παραβαίνοντες,
575 2503 628 2594 ἄρ’
651 2500 700 2576 όν
717 2502 760 2576 α”ν
776 2506 940 2593 μεγάλους
957 2509 1115 2587 ἐπαίνους
1131 2513 1229 2592 κομί-

274 2614 393 2673 σαισθε
404 2609 546 2689 δικαίως,
553 2606 593 2673 τά
605 2603 638 2672 δ’
646 2605 871 2691 αίτιασάμενοι
881 2608 989 2693 ψευδη
1002 2609 1057 2673 καί
1068 2603 1110 2672 οὐ
1122 2626 1229 2690 προσ-

273 2701 390 2790 ήκονθ’
406 2701 502 2790 ὑμῖν,
523 2707 697 2790 κέχρηνται
714 2712 759 2792 τῷ
775 2705 883 2794 λόγῳ,
907 2702 1077 2791 πονηρους
1098 2707 1228 2772 δίκαιον

273 2801 413 2889 αὐτοὺς,
426 2800 561 2870 ἐπειδάν
572 2805 787 2888 ἐξελεγχθῶσι
797 2808 901 2871 ταῦτα
912 2802 1147 2887 πεποιηκότες,
1169 2829 1229 2870 νο-

271 2907 381 2986 μίζειν.
417 2906 447 2968 εί
463 2899 526 2984 γάρ
544 2899 680 2986 ῥήτορες
698 2903 800 2970 δεινοὶ
816 2909 943 2988 μᾶλλον
965 2899 1050 2968 εἶναι
1075 2906 1189 2969 δοκεῖν
1207 2897 1228 2989 ἦ

271 2999 337 3087 μετ’
356 2998 515 3088 άληθείας
531 3002 682 3079 ἐπιεικεῖς
698 3001 875 3085 ἄνθρωποι
893 3005 1088 3084 νομίζεσθαι
1112 2988 1229 3084 προεί-

271 3106 385 3184 λοντο,
399 3096 461 3166 οὐδ
465 3096 473 3120 ’
487 3094 581 3166 αὐτοὶ
592 3096 839 3184 καλοκάγαθίας
849 3095 903 3185 ἂν,
912 3096 957 3177 ὦς
967 3104 1086 3185 ἔοικεν,
1099 3096 1229 3184 άμφισ-

270 3203 411 3283 βητοίεν.
451 3201 520 3264 ἔστι
539 3195 600 3283 μὲν
627 3189 692 3265 οόν
712 3197 857 3283 χαλεπόν
877 3197 914 3267 τό
940 3196 1015 3283 παρ’
1038 3195 1119 3286 ὑμῖν
1142 3197 1230 3283 ὑπὲρ

270 3292 366 3378 ὑμῶν
388 3299 529 3383 ἐροῦντα
552 3293 782 3382 άνεστηκέναι,
813 3295 926 3381 ὥσπερ
947 3296 1065 3387 ῥηίδιον
1086 3299 1123 3366 τό
1148 3293 1227 3367 καθ’

271 3389 376 3478 ὑμῶν.
409 3392 473 3479 ἐγώ
490 3392 555 3479 γάρ
572 3392 619 3481 μά
636 3395 698 3482 τὴν
710 3393 860 3484 Ἀθηνᾶν
877 3393 1017 3473 οὐδένας
1033 3403 1102 3463 τόν
1113 3395 1229 3465 ἄλλων

269 3490 462 3576 ἀνθρώπων
478 3493 584 3573 οὕτως
601 3492 690 3580 οἶμαι
707 3493 751 3564 τά,
765 3495 935 3581 προσόντα
952 3492 1064 3574 αὑτοῖς
1080 3493 1228 3565 ἀκοῦσαι

269 3593 557 3675 νουθετουμένους
587 3588 631 3673 άς
660 3591 753 3680 ὑμεῖς
778 3592 819 3662 τά
839 3595 884 3680 μη
912 3594 1090 3680 προσόντα,
1112 3602 1228 3674 κακῶς

268 3682 455 3765 ἀκούοντες.
489 3688 531 3756 οὐ
549 3688 616 3777 μην
634 3690 712 3760 οὐδὲ
728 3691 868 3773 τούτους
884 3698 1036 3778 θρασέως
1054 3689 1097 3762 ἂν
1115 3693 1227 3773 οὕτως
