3159 4409
504 533 507 538 -
601 504 947 566 οηιεκοεοκ.
1178 506 1249 575 ,ενι
1284 486 1286 488 ’

289 663 466 749 ’χήσαντες
510 661 756 749 παρειλήφεσαν
777 667 995 732 Πανδιονίδαι
1012 667 1172 754 Πρόκνην
1193 671 1248 737 καὶ

299 761 494 847 Φιλομήλαν
514 759 573 840 τὰς
586 765 773 840 Πανδίονος
792 767 997 850 θυγατέρας,
1021 762 1066 842 ὥς
1087 768 1247 856 ἐτιμωρή-

298 881 399 928 σαντο
416 863 523 946 Τηρέα
541 858 595 928 διά
614 860 676 947 τήν
688 866 733 938 είς
744 857 967 947 αὐτάςδβριν.
999 859 1041 930 οδ
1050 856 1176 950 βιωτόν
1183 859 1246 934 οὖν
1254 889 1322 945 1398

297 957 449 1044 ἐνόμιζον
458 954 585 1045 αὐτοῖς,
604 964 635 1027 εί
645 957 690 1045 μή
707 972 878 1044 συγγενεῖς
891 959 984 1039 ὄντες
993 957 1108 1047 θυμόν
1119 965 1247 1047 ἔχοντες

297 1054 414 1141 ὅμοιον
429 1059 568 1135 ἐκείναις
585 1058 801 1153 φανήσονται,
814 1059 864 1146 ἐφ’
888 1053 938 1139 οἷς
958 1057 1021 1146 τήν
1029 1055 1170 1128 Ἑλλάδα
1183 1059 1247 1128 ἑά-

253 1152 603 1242 ςρρωνδβριζομένην.
636 1155 826 1243 ἠκηκόεσαν
835 1162 1018 1226 Λεωντίδαι
1032 1166 1246 1249 μυθολογου-

295 1258 396 1340 μένας
406 1252 464 1333 τάς
475 1252 548 1323 Λεά
560 1255 680 1341 κόρας,
704 1253 748 1334 ὡς
759 1253 878 1334 ἕαντὰς
893 1256 1013 1323 ἔδοσαν
1024 1254 1170 1342 σφάγιον
1179 1269 1247 1334 τοῖς

295 1357 443 1431 πολίταις
452 1346 536 1439 ὑπὲρ
547 1360 606 1439 τής
622 1353 738 1440 χώρας
769 1352 824 1421 ὅτε
835 1351 868 1420 δ’
883 1346 947 1421 οὖν
960 1368 1116 1438 γυναῖκες
1125 1357 1246 1422 ἐκεῖναι

294 1451 454 1538 τοιαύτην
463 1457 562 1538 ἔσχον
571 1451 744 1538 ἀνδρείαν,
766 1448 809 1518 οὐ
824 1451 964 1537 θεμιτόν
975 1446 1087 1531 αδτοίς
1096 1448 1245 1538 ὑπελάμ-

294 1556 402 1637 βανον
412 1555 557 1636 χείροσιν
566 1547 729 1633 άνδράσιν
740 1541 838 1616 οὖσιν
847 1551 986 1618 ἐκείνων
997 1557 1153 1636 φανήναι.
1171 1553 1245 1636 ἐμέ-

295 1673 421 1734 μνηντο
439 1646 671 1733 Ἀκαμαντίδαι
687 1654 756 1715 τῶν
772 1650 862 1714 ἐπῶν
878 1650 916 1715 ἐν
932 1644 981 1726 οἷς
994 1646 1137 1734 Ὅμηρος
1147 1647 1245 1716 ἕνεκα

293 1753 352 1831 τῆς
364 1746 487 1832 μητρός
500 1766 601 1832 φησιν
610 1738 742 1829 Αίδρας
755 1743 942 1831 Ἀκάμαντα
958 1751 1005 1824 είς
1018 1752 1142 1831 Τροίαν
1158 1759 1244 1813 στελ-

294 1851 356 1921 λαι.
391 1841 409 1910 ὁ
426 1845 489 1930 μὲν
504 1835 567 1911 οὖν
577 1841 702 1922 παντὸς
717 1847 869 1928 ἐπειρᾶτο
887 1841 1051 1915 κινδύνου
1067 1851 1129 1912 τοῦ
1140 1851 1244 1912 σῶσαι

292 1940 355 2028 τήν
364 1942 485 2009 ἑαυτοῦ
496 1945 618 2029 μήτέρα
628 1944 741 2010 ἕνεκα·
762 1945 848 2010 οίδὲ
859 1939 938 2022 τοὺς
954 1944 1244 2030 οίκοισόμπαντας

294 2049 363 2120 ποῦς
370 2037 434 2108 οὐκ
446 2045 585 2128 ἔμελλον
591 2037 675 2126 ὑπὲρ
685 2048 746 2108 τοῦ
755 2047 860 2108 σῶσαι
868 2041 976 2110 πάντα
985 2046 1146 2111 κίνδυνον
1157 2037 1243 2110 ὑπο-

249 2142 423 2227 ςρμένεινς
445 2136 507 2207 οὐκ
524 2138 712 2209 ἐλάνθανεν
723 2145 875 2219 Οίνείδας
891 2140 942 2209 ότι
952 2142 1093 2227 Κάδμον
1104 2141 1166 2227 μὲν
1175 2150 1243 2209 Σε-

293 2239 392 2325 μέλη,
412 2245 470 2324 τής
486 2237 522 2304 δὲ
538 2235 636 2306 δνιού
650 2241 778 2322 πρέπον
790 2240 884 2305 ἐστὶν
899 2236 1073 2324 ὀνομάζειν
1083 2242 1242 2307 ἐπὶ-τοῦδε

293 2343 355 2403 τοῦ
365 2336 492 2422 τάφον,
513 2343 576 2403 τοῦ
586 2335 621 2402 δὲ
634 2332 754 2413 Οίνεδς
764 2337 919 2420 γέγονεν,
931 2333 967 2413 ὃς
977 2334 1119 2420 άρχηγός
1130 2334 1243 2403 αὐτῶν

294 2437 447 2503 ἐκαλεῖτο.
474 2440 591 2503 κοινοῦ
609 2431 641 2501 δ’
655 2430 753 2512 ὄντος
765 2430 1046 2520 άμφοτέραιςταίς
1055 2433 1171 2500 πόλεσι
1181 2441 1242 2500 τοῦ

274 2591 277 2598 .
295 2533 459 2619 παρόντος
469 2531 648 2617 κινδάνον,
674 2527 760 2615 ὑπὲρ
777 2528 974 2617 ἀμφοτέρων
991 2527 1125 2597 ἅπασαν
1136 2529 1242 2621 ᾤοντο
1285 2528 1287 2531 ’

295 2636 365 2700 δεῖν
383 2630 530 2718 άγωνίαν
546 2634 694 2700 ἐκτεῖναι.
729 2628 852 2718 ᾔδεσαν
868 2634 1072 2714 Κεκροπίδαι
1087 2629 1148 2698 τόν
1164 2633 1243 2699 ἑαν-

293 2738 362 2798 τῶν
377 2729 524 2818 άρχηγόν
539 2729 580 2797 τά
597 2730 659 2817 μὲν
676 2727 721 2808 ὦς
736 2734 806 2797 ἔστι
823 2729 972 2814 δράκων,
995 2726 1037 2796 τὰ
1054 2727 1085 2797 δ’
1100 2726 1144 2809 ιδς
1154 2734 1242 2798 ἔστιν

293 2829 473 2912 άνθροιπος
491 2830 672 2916 λεγόμενον
691 2827 754 2897 οὐκ
780 2826 924 2897 ἄλλοθέν
943 2837 1053 2897 ποθεν
1073 2823 1096 2917 ή
1113 2836 1159 2918 τῷ
1180 2829 1242 2914 τήν

293 2925 431 2994 σύνεσιν
442 2925 546 3021 αὐτοῦ
557 2935 784 3015 προσομοιοῦν
794 2927 980 3019 άνδρόπμ,
1005 2928 1068 3017 τήν
1087 2927 1242 3014 άλιιήνδὲ

293 3024 458 3110 δράκοντι.
486 3024 559 3108 ἄξια
571 3027 611 3115 δή
622 3027 753 3097 τούτων
763 3029 919 3114 πράττειν
929 3028 1166 3116 ὑπελάμβανον
1179 3024 1241 3095 αδ-

246 3124 558 3211 31τοῑςπροσήκειν.
591 3129 773 3212 ἐμέμνηντο
786 3122 1242 3196 ἹπποθοωντίδαιτόνἈλό-

290 3246 353 3309 πης
369 3226 504 3311 γάμων,
525 3230 557 3305 ἐξ
575 3253 624 3293 κν
638 3222 828 3296 Ἱπποθόων
844 3232 926 3312 ἔφα,
944 3228 1001 3293 καί
1017 3224 1078 3291 τόν
1095 3220 1242 3311 άρχηγόν

289 3319 428 3408 ᾔδεσαν·
453 3314 517 3410 ὧν,
540 3322 577 3392 τό
594 3328 724 3412 πρέπον
741 3325 918 3412 φυλάττων
935 3321 999 3409 ἐγά
1012 3327 1097 3414 τῷδε
1107 3333 1154 3412 τῷ
1166 3350 1241 3392 και-

290 3429 349 3512 ρῷ,
355 3421 392 3491 τό
405 3424 509 3510 σαφὲς
519 3429 622 3492 είπείν
632 3421 833 3514 ὑπερβαίνω.
856 3421 930 3503 άξια
942 3420 982 3507 δή
993 3420 1123 3490 τούτων
1133 3420 1238 3511 ᾤοντο
1248 3444 1316 3500 1399

289 3522 470 3606 προσήκειν
480 3530 653 3603 ποιοῦντες
664 3521 823 3608 όφδήναι.
855 3518 918 3588 οόκ
935 3519 1122 3590 ἐλάνθανεν
1132 3528 1238 3588 Αίαν-

289 3623 379 3697 τίδας
390 3617 440 3688 ὅτι
457 3628 526 3688 τῶν
542 3619 717 3708 άριστείοον
729 3620 901 3704 στερηθείς
911 3615 1149 3706 Αίαςάβίιοτον
1159 3620 1238 3684 ἑαν-

289 3724 336 3806 τῷ
343 3713 487 3804 ήγήσατο
498 3719 558 3786 τόν
572 3725 656 3805 βίον.
689 3715 772 3804 ἡνίκ’
786 3708 881 3786 οὖνὸ
895 3719 1022 3802 δαίμων
1038 3715 1127 3839 άλλρι
1144 3711 1237 3799 τάρι-

1027 3815 1061 3868 21
