3159 4409
511 481 653 543 ΠΡΟΣ
682 481 1064 544 ΜΑΚΑΡΤΑΤΟΝε
1214 481 1256 547 23

307 649 475 714 καδίσκων
492 640 659 724 τεττάρων
675 643 841 709 τεθέντων
858 640 939 708 κατά
951 639 1011 709 τδν
1024 642 1146 730 νόμον,
1167 640 1258 713 elud-
1323 625 1326 637 ¹

306 770 385 827 τως,
409 740 514 827 οἶμαι,
533 744 567 807 οί
576 741 723 807 δικασταὶ
733 741 986 826 ἐξηπατήθησαν
995 743 1050 809 καὶ
1061 744 1257 812 ἐστασίασαν

307 841 460 927 άλλῇλοις
483 842 537 906 καὶ
558 844 869 923 παρακρουσθέντες
890 837 955 906 ὑπὸ
972 849 1029 928 τῇς
1047 850 1256 930 παρασκευῆς

307 945 501 1025 ἐψηφίζοντο
520 936 540 1005 ὅ
556 963 586 1003 τι
601 939 869 1023 έτνχενέκαστος.
903 939 956 1005 καὶ
968 937 1254 1024 αίωῇφοιόλίγαις
1301 964 1307 979 ·

306 1039 396 1106 πάνυ
413 1041 565 1123 ἐγένοντο
583 1043 731 1123 πλείους,
753 1033 776 1123 ἢ
792 1038 900 1121 τρισίν
915 1033 938 1123 ἦ
954 1041 1140 1124 τέτταρσιν,
1163 1041 1252 1128 ἐντῷ

308 1137 505 1222 Θεοπόμπου
516 1140 660 1226 καδίσκῳ
671 1132 692 1222 ἦ
703 1139 741 1204 ἐν
751 1145 798 1224 τῷ
808 1145 865 1221 τῆς
875 1138 1040 1220 γυναικός.

264 1267 296 1319 11
389 1239 454 1304 Καὶ
471 1235 544 1303 τότε
561 1236 622 1322 μέν
637 1244 756 1320 ταῦτα,
782 1227 811 1302 ά
827 1234 945 1320 ἄνδρες
962 1239 1126 1323 δικασταὶ,
1148 1231 1193 1322 ἦν
1213 1237 1253 1305 τά

305 1338 503 1420 πραχθέντα.
533 1332 643 1419 ἐπειδὴ
657 1330 690 1400 δ’
702 1331 817 1401 οὑτοσὶ
828 1331 846 1400 ὁ
859 1349 934 1412 παῖς
945 1337 1072 1419 ἐγένετο
1083 1337 1137 1403 καὶ
1149 1336 1255 1404 ἐδόκει
1282 1399 1287 1407 ,

303 1435 417 1520 καιρὸς
428 1433 524 1518 εἶναι,
546 1430 608 1500 οὐκ
620 1429 788 1518 ὀργισθείς
799 1428 862 1514 ἐγω
875 1435 1156 1520 τοίςγενομένοις,
1176 1430 1250 1502 ἀλλ’

302 1531 488 1619 ἡγούμενος
506 1529 591 1608 είκός
606 1557 636 1596 τι
656 1539 778 1597 παθεῖν
789 1526 868 1605 τούς
877 1529 950 1597 τότε
960 1530 1149 1611 δικάζοντας
1162 1532 1252 1619 είσή-

303 1657 409 1716 γαγον
429 1636 473 1707 είς
490 1627 567 1705 τούς
584 1627 749 1713 φράτερας
764 1623 843 1704 τούς
853 1624 1052 1712 τοῦἉγνίου
1061 1630 1253 1718 Εὐβουλίδῃ

302 1728 365 1796 τὸν
377 1733 477 1796 παῖδα
488 1728 636 1807 τουτονί,
658 1727 694 1792 ἐκ
705 1733 761 1810 τῇς
772 1723 940 1810 θυγατρὸς
950 1724 1032 1793 ὄντα
1043 1729 1250 1816 τῇςέκείνου,

257 1846 291 1899 12
300 1830 358 1894 ἵνα
368 1824 412 1912 μὴ
425 1829 613 1912 ἐξερημωθῇ
624 1820 642 1891 ὁ
654 1822 751 1902 οἶκος.
771 1827 895 1901 ἐκεῖνος
904 1825 978 1908 γάρ,
991 1816 1148 1911 άάνδρες
1158 1831 1252 1894 δικα-

302 1919 715 2011 σταὶ,ὁΕὐβονλίδης,δτῷ
722 1919 834 2009 Ἁγνίᾳ
844 1923 932 2006 γένει
943 1918 992 1988 τάν
1002 1924 1178 2007 ἐγγυτάτω,
1187 1924 1252 2010 μά-

302 2030 394 2090 λιστα
406 2021 586 2108 μὲυηάχετο
597 2036 665 2100 τοῖς
674 2032 765 2099 θεοῖς
774 2019 851 2088 υίόν
860 2018 951 2111 αὐτῷ
958 2026 1125 2109 γενέσθαι,
1139 2023 1249 2105 ὥσπερ
1330 2068 1340 2075 -

301 2125 357 2191 καὶ
372 2119 392 2208 ἡ
409 2122 561 2208 θυγάτηρ
578 2119 604 2207 ῇ
616 2123 749 2189 τουτουὶ
759 2121 865 2207 μήτηρ
877 2130 939 2188 τοῦ
950 2119 1066 2200 παιδὸς
1076 2120 1167 2211 αὐτῷ
1178 2125 1251 2209 ἐγέ·

302 2246 393 2288 νετο·
415 2219 525 2307 ἐπειδὴ
545 2223 580 2288 δὲ
592 2220 717 2303 Ιτούτου
733 2218 872 2306 άπέτνχε
888 2223 942 2289 καὶ
960 2219 1023 2290 οὐκ
1034 2225 1163 2307 ἐγένετο
1175 2235 1250 2301 παῖς

301 2317 407 2405 άρρην
419 2317 509 2408 αὐτῷ
520 2317 597 2387 οὐδὲ
606 2315 667 2405 είς,
679 2319 759 2404 μετὰ
770 2316 864 2386 ταῦτ’
876 2317 939 2404 ἤδη
950 2320 1151 2399 ἐσπούδαζεν
1160 2318 1250 2397 ὅπως

301 2422 336 2485 ἐκ
347 2426 404 2504 τῇς
414 2414 582 2501 θυγατρὸς
593 2422 768 2502 εἰσποιηθῇ
779 2413 871 2502 αὐτῷ
880 2415 953 2492 υίὸς
965 2422 1010 2492 είς
1021 2413 1081 2482 τδν
1090 2415 1183 2483 οἷκον
1191 2414 1251 2485 τὸν

301 2519 421 2585 ἑαυτοῦ
431 2517 487 2583 καὶ
498 2515 557 2581 τὸν
565 2512 712 2600 Ἁγνίου,
725 2516 779 2581 καί
791 2519 837 2591 είς
847 2511 925 2591 τούς
935 2515 1101 2600 φράτερας
1113 2520 1253 2601 εἰσαχθῇ

300 2614 378 2692 τούς
389 2619 518 2681 ἐκείνου
525 2663 534 2697 ,
557 2609 757 2698 ἡγούμενος,
781 2604 938 2696 άάνδρες
949 2616 1112 2698 δικασταὶ,
1135 2616 1251 2682 ἐκτῶν

299 2712 493 2781 ὑπολοίπων
503 2721 624 2780 τοῦτον
635 2711 719 2780 εἶναι
730 2713 837 2800 ἑαυτῷ
847 2712 1066 2796 οἰκειότατον,
1078 2714 1132 2780 καὶ
1143 2710 1250 2791 οὕτως

299 2807 344 2878 άν
359 2812 498 2898 μάλιστα
508 2809 568 2880 τὸν
580 2809 673 2878 οίκον
683 2809 742 2878 τὸν
753 2813 881 2895 ἕαυτοῖν
894 2811 1110 2892 διασάζεσθαι
1120 2813 1175 2878 καὶ
1185 2809 1248 2878 οὐκ

257 2937 291 2993 13
300 2911 343 2979 άν
359 2914 614 2996 ἐξερημωθῆναι.
648 2911 702 2978 καὶ
719 2909 783 2996 ἐγώ
795 2919 897 2978 ταῦτα
907 2908 1087 2997 δπηρέτησ’
1099 2907 1205 2999 αὐτῷ,
1229 2905 1247 2976 ὁ

298 3003 1248 3096 τῇνΕάβουλίδουθυγατέραέχων-ἐπιδικασάμενοςώςγέ-
1345 3088 1348 3092 Δ

297 3133 349 3176 νει
361 3101 409 3172 άν
420 3104 602 3189 ἐγγυτάτω,
624 3107 679 3173 καὶ
690 3106 866 3193 εἰσήγαγον
876 3107 936 3175 τδν
945 3111 1047 3174 παῖδα
1057 3107 1189 3174 τουτονί
1200 3112 1247 3184 είς
1257 3131 1325 3184 1054

298 3202 514 3289 τούςἍγνίου
530 3208 586 3273 καὶ
596 3203 808 3292 Εὐβουλίδου
827 3206 1007 3291 φράτερας,
1029 3201 1108 3290 μεθ’
1127 3196 1175 3272 οἶν
1191 3208 1247 3273 καὶ

300 3305 495 3390 Θεόπομπος
516 3301 533 3370 ὁ
555 3306 689 3372 τουτουί
710 3303 817 3392 πατὴρ
838 3304 1080 3390 Μακαρτάτου,
1101 3305 1163 3384 ἕως
1183 3308 1246 3389 ἔζη,

258 3433 291 3487 14
300 3409 471 3490 ἐφατρίαζε
481 3406 536 3473 καὶ
546 3399 646 3484 αάτὸς
657 3396 762 3484 οὗτος.
794 3407 849 3472 καὶ
860 3407 893 3473 οί
902 3402 1077 3491 φράτερες,
1089 3394 1117 3470 ά
1127 3402 1247 3489 ἄνδρες

300 3506 467 3588 δικασταί,
490 3507 524 3572 οί
537 3506 671 3574 τουτουὶ
684 3504 926 3588 Μακαρτάτου,
949 3507 984 3570 οί
996 3500 1113 3591 άριστα
1125 3500 1248 3580 εἰδότες

300 3606 374 3690 περὶ
389 3611 451 3672 τοῦ
466 3606 600 3689 γένους,
623 3601 765 3692 ὁρωντες
782 3599 885 3670 αὐτὸν
895 3600 955 3686 μέν
964 3608 1085 3670 τοῦτον
1097 3597 1159 3668 οὐκ
1169 3599 1246 3666 ἐθέ-

299 3709 401 3771 λοντα
416 3702 628 3773 κινδυνεύειν
645 3700 719 3772 οὐδ’
739 3700 907 3787 άπάγοντα
923 3700 959 3770 τὸ
977 3705 1097 3786 ἱερεῖον
1108 3694 1172 3765 άπὸ
1183 3701 1242 3765 τοῦ
