3159 4409
384 477 426 542 76
540 481 672 581 lXLV.
706 478 1125 543 ΔΗΜΟΣΘΕΝΟῬΣ
1239 492 1243 500 ’

384 638 537 723 γεγονώς.
557 646 607 719 τίς
615 638 680 725 γάρ
692 637 798 717 οὕτως
808 638 928 725 ἀφρων
940 636 1024 710 ὥστε
1034 637 1158 724 ἄφεσιν
1165 638 1228 725 μὲν
1237 642 1337 710 ἐναν-

383 743 455 804 τίον
476 738 656 824 μαρτύρων
678 737 899 824 ποιήσασθαι,
920 745 983 805 τοῦ
1002 744 1140 825 βεβαίαν
1160 736 1253 827 αὐτῷ
1273 739 1336 827 τήν

328 888 342 904 .·
384 833 577 921 ἀπαλλαγήν
594 836 693 922 εἶναι,
718 837 777 914 τάς
794 841 830 903 δὲ
845 836 1019 922 συνθήκας
1035 839 1090 906 καὶ
1100 835 1160 916 τάς
1171 839 1336 924 διαθήκας

383 937 437 1003 καὶ
447 934 566 1017 τάλλα,
578 931 661 1019 ὑπὲρ
674 927 721 1002 ὧν
732 937 872 1002 ἐποιεῖτο
883 932 945 1020 τήν
955 933 1091 1020 ἀφεσιν,
1103 939 1335 1022 σεσημασμένα

339 1037 477 1104 λλίάσαι
492 1033 574 1103 καθ’
591 1033 698 1102 αὑτοῦ
714 1043 860 1115 κεῖσθαι;
881 1031 1010 1101 οὐκοῦν
1022 1036 1154 1101 ἐναντία
1164 1031 1334 1119 μὲνὴπα-

380 1129 537 1219 ’ραγραφή
555 1140 636 1200 πᾶσι
651 1147 719 1211 τοῖς
730 1136 1049 1219 μεμαρτυρημένοις,
1072 1134 1205 1199 ἐναντία
1215 1133 1269 1216 δέ,
1290 1129 1334 1218 ἣν

381 1229 533 1315 ἀνέγνων
544 1229 624 1316 ὑμῖν
635 1231 726 1317 ἀρτι,
749 1238 928 1316 μίσθωσις,
946 1234 1075 1317 τήδετή
1087 1228 1249 1353 διαθήκη·
1272 1227 1333 1297 06-

382 1329 440 1397 δέν
457 1332 493 1397 δὲ
509 1356 578 1398 των
593 1328 888 1417 πεπραγμένων’
852 1330 912 1396 ου’τ
916 1327 1087 1414 ἐὔλογον
1106 1326 1185 1396 οὔθ’
1200 1321 1333 1397 ἁπλοῦν

383 1425 464 1509 οὔθ’
477 1425 956 1517 ὁμολογούμενοναάτόέαντφ
944 1435 1127 1512 φαίνεται.
1156 1428 1333 1496 ἐκδέτοά-

381 1552 442 1618 του
462 1536 523 1594 τοῦ
543 1529 671 1615 τρόπου
691 1528 801 1596 πάντα
822 1529 1033 1611 πεπλασμένα
1053 1527 1109 1593 καὶ
1129 1544 1332 1593 κατεσκευα-

383 1622 485 1711 σμίνα
498 1629 665 1712 ἐλέγχεται.

339 1745 375 1799 43
461 1723 517 1803 Ὡς
538 1726 599 1810 μὲν
619 1732 736 1793 τοίνυν
757 1729 845 1794 ἐστὶν
863 1694 975 1809 ἀληθῆ
989 1750 1030 1792 τα
1018 1722 1332 1810 μεμαρτυρημένα,

382 1819 454 1890 οὔτ’
474 1821 576 1890 αὐτὸν
594 1833 713 1891 τοῦτον
731 1822 792 1890 066
795 1821 1333 1908 ἀλλονὺπὲρτούτουδεῖξαιδυ-

381 1919 545 2007 νήσεσθαι
560 1927 689 2007 νομίζω.
724 1918 888 1988 ἀκοάωδ
908 1946 1011 1987 αυτον
1022 1946 1176 1988 τοιουτου
1185 1947 1218 1988 τι
1229 1946 1333 2008 παρε-

382 2017 568 2086 σκευάσθαι
584 2021 708 2105 λέγειν,
732 2016 775 2097 ὡς
791 2017 1004 2105 προκλήσεως
1020 2021 1110 2086 ἐστιν
1126 2017 1333 2108 ὑπεύθυνος,

382 2114 454 2202 οὐχὶ
471 2125 666 2203 μαρτυρίας,
687 2119 742 2185 καὶ
760 2121 857 2184 δυοῖν
873 2115 963 2206 αὐτῷ
976 2119 1134 2203 προσήκει
1145 2122 1265 2185 δοῦναι
1275 2119 1334 2188 λό-

379 2242 458 2301 γον,
480 2214 522 2282 οὐ
539 2216 674 2283 πάντων
684 2225 752 2282 τῶν
763 2218 1015 2301 γεγραμμένων,
1038 2214 1333 2300 εῖτεπροάκαλεῖτό

379 2340 420 2399 με
430 2322 534 2380 ταῦτα
546 2320 703 2399 Φορμίων
712 2308 735 2399 ή
745 2312 805 2400 μή,
818 2316 873 2381 καὶ
884 2319 914 2380 εί
923 2312 966 2399 μή
979 2312 1136 2400 ἐδεχόμην
1147 2315 1213 2403 έγοί
1220 2342 1229 2356 ·
1249 2324 1334 2384 ταῦ-

379 2439 418 2480 τα
430 2414 491 2498 μέν
501 2409 565 2498 γάρ
578 2409 689 2492 ἁπλῶς
700 2410 801 2492 αὐτὸς
810 2415 1095 2499 μεμαρτυρηκέναι
1105 2413 1222 2498 φήσει,
1245 2414 1332 2481 τὰδ’

380 2512 463 2580 ἀλλα
484 2515 613 2579 ἐκεῖνον
634 2521 891 2597 προκαλεῖσθαι,
915 2518 945 2579 εί
960 2510 993 2578 δ’
1009 2507 1136 2598 ἐστὶνή
1155 2511 1199 2599 μή
1216 2520 1331 2598 ταῦτα,

337 2609 481 2679 ίίοάδὲν
496 2611 678 2696 προσήκειν
695 2609 786 2696 αὐτῷ
803 2625 948 2678 σκοπεῖν.
977 2607 1060 2695 πρὸς
1084 2609 1208 2695 δήτὸν
1228 2611 1332 2695 λόγον

379 2718 500 2777 τοῦτον
510 2708 611 2776 καὶ
575 2736 638 2794 την
649 2707 821 2776 ἀναίδειαν
832 2709 962 2795 βέλτιόν
972 2713 1038 2776 ἐστι
1049 2707 1149 2794 μικρά
1161 2722 1332 2792 προειπεῖν

307 2888 312 2902 ι
378 2807 469 2895 ὑμῖν,
481 2813 536 2876 ‘666
547 2836 591 2894 μη
581 2807 771 2894 λάθητεέξ
773 2814 1004 2897 απατηθέντες.
1021 2815 1154 2892 πρῶτον
1164 2804 1270 2891 μέν,”
1248 2832 1332 2875 οταν
1339 2823 1377 2877 ll]

378 2910 509 2994 ἐγχειρῇ
526 2909 634 2991 λέγειν
649 2915 764 2991 τουτο,
789 2933 832 2985 ως
849 2906 914 2989 ἀρα
930 2905 973 2975 06
988 2907 1124 2973 πάντων
1134 2903 1331 2985 ὑπεύθυνός

378 3009 483 3088 ἐστιν,
502 3002 736 3090 ἐνθυμεῖσθε”
716 3031 767 3072 οτι
779 3003 834 3072 διά
845 3014 947 3073 ταῦτα
961 3002 1091 3089 ὁνόμος
1102 3019 1283 3090 μαρτυρεῖν
1294 3007 1331 3074 έν

377 3110 586 3191 γραμματείῳ
602 3102 779 3187 κελεύει,“
764 3130 820 3170 ινα
830 3105 894 3190 μήτ
897 3101 1055 3189 ’ἀφελεῖν
1065 3107 1121 3189 έξή
1132 3103 1213 3188 μήτε
1224 3125 1332 3187 προσ-

379 3211 558 3270 θεῖναιῖ
506 3216 558 3270 τοῖ
558 3230 574 3281 ς
591 3205 829 3287 γεγραμμένοις
845 3205 958 3289 μηδέν.
992 3199 1060 3268 τότ’
1073 3193 1137 3268 οὖν
1148 3199 1254 3269 αὐτὸν
1264 3207 1332 3273 ἔδει

378 3309 460 3367 ταῦτ
463 3298 680 3387 ’ἀπαλείφειν
690 3301 883 3388 κελεύειν,
862 3329 884 3367 α
894 3309 959 3368 νῦν
962 3300 1012 3367 06
1026 3292 1107 3387 φησι
1118 3327 1331 3389 μεμαρτυρη-

337 3412 372 3468 45
380 3423 487 3482 κεναι,
509 3425 551 3466 ου
561 3426 628 3468 νυν
639 3399 816 3469 ένοντων
796 3414 1034 3484 αναισχυντειν
1067 3405 1177 3467 ἔπειτα
1188 3403 1243 3468 καὶ
1253 3399 1331 3468 τοδε

380 3511 545 3583 σκοπεῖτε,
568 3505 598 3567 εί
613 3495 780 3568 ἐάσαιτ’
758 3527 803 3567 αν
819 3495 1003 3566 έναντίον’
985 3525 1081 3585 υμων
1092 3501 1146 3584 ἐμὲ
1158 3499 1331 3584 προσγρά-

380 3610 440 3675 ψαι
455 3621 486 3662 τι
501 3598 648 3682 λαβόντα
664 3598 700 3667 τό
722 3611 952 3683 γραμματεῖον.
986 3596 1028 3665 οά
1051 3597 1169 3684 δήπου.
1200 3598 1331 3667 οάκουν

381 3690 459 3760 οὐδὲ
468 3701 588 3761 τοῦτον
599 3693 753 3781 ἀφαιρεῖν
762 3703 832 3763 ταῖν
841 3699 1145 3781 γεγραμμένωνέοῖν
1155 3696 1329 3784 προσήκει·
