<?xml version="1.0" encoding="UTF-8"?>
<!DOCTYPE html PUBLIC "-//W3C//DTD XHTML 1.0 Transitional//EN"
    "http://www.w3.org/TR/xhtml1/DTD/xhtml1-transitional.dtd">
<html xmlns="http://www.w3.org/1999/xhtml" xml:lang="en" lang="en">
 <head>
  <title>
</title>
<meta http-equiv="Content-Type" content="text/html;charset=utf-8" />
  <meta name='ocr-system' content='tesseract 3.04.00' />
  <meta name='ocr-capabilities' content='ocr_page ocr_carea ocr_par ocr_line ocrx_word'/>
</head>
<body>
  <div class='ocr_page' id='page_1' title='image "./orationesexrece02demogoog_0036.png"; bbox 0 0 3159 4409; ppageno 0'>
   <div class='ocr_carea' id='block_1_1' title="bbox 316 481 1062 547">
    <p class='ocr_par' dir='ltr' id='par_1_1' title="bbox 316 481 1062 547">
     <span class='ocr_line' id='line_1_1' title="bbox 316 481 1062 547; baseline -0.007 0"><span class='ocrx_word' id='word_1_1' title='bbox 316 483 358 547; x_wconf 83' lang='grc'><strong><em>30</em></strong></span> <span class='ocrx_word' id='word_1_2' title='bbox 519 486 608 543; x_wconf 71' lang='lat' dir='ltr'><strong><em>mu,</em></strong></span> <span class='ocrx_word' id='word_1_3' title='bbox 643 481 1062 542; x_wconf 75' lang='grc' dir='ltr'><strong><em>ΔΗΜΟΣΘΕΝΟΤΣ</em></strong></span> 
     </span>
    </p>
   </div>
   <div class='ocr_carea' id='block_1_2' title="bbox 316 636 1281 730">
    <p class='ocr_par' dir='ltr' id='par_1_2' title="bbox 316 636 1281 730">
     <span class='ocr_line' id='line_1_2' title="bbox 316 636 1281 730; baseline 0 -18"><span class='ocrx_word' id='word_1_4' title='bbox 316 651 428 730; x_wconf 86' lang='grc' dir='ltr'><strong><em>πατρί·</em></strong></span> <span class='ocrx_word' id='word_1_5' title='bbox 445 649 554 712; x_wconf 78' lang='grc' dir='ltr'><strong><em>ἔπειτα</em></strong></span> <span class='ocrx_word' id='word_1_6' title='bbox 565 643 622 720; x_wconf 73' lang='grc' dir='ltr'><strong><em>τὰς</em></strong></span> <span class='ocrx_word' id='word_1_7' title='bbox 634 641 734 720; x_wconf 78' lang='grc' dir='ltr'><strong><em>ἄλλος</em></strong></span> <span class='ocrx_word' id='word_1_8' title='bbox 746 636 876 720; x_wconf 77' lang='grc' dir='ltr'><strong><em>ἁπάσας</em></strong></span> <span class='ocrx_word' id='word_1_9' title='bbox 883 639 1108 726; x_wconf 74' lang='grc' dir='ltr'><strong><em>ἀναγνώσεται</em></strong></span> <span class='ocrx_word' id='word_1_10' title='bbox 1118 645 1192 727; x_wconf 80' lang='grc' dir='ltr'><strong><em>περὶ</em></strong></span> <span class='ocrx_word' id='word_1_11' title='bbox 1202 652 1265 712; x_wconf 82' lang='grc' dir='ltr'><strong><em>τοῦ</em></strong></span> <span class='ocrx_word' id='word_1_12' title='bbox 1279 677 1281 681; x_wconf 60' lang='grc'>’</span> 
     </span>
    </p>
   </div>
   <div class='ocr_carea' id='block_1_3' title="bbox 315 744 917 891">
    <p class='ocr_par' dir='ltr' id='par_1_3' title="bbox 315 744 914 891">
     <span class='ocr_line' id='line_1_3' title="bbox 315 744 441 829; baseline -0.042 -16.074"><span class='ocrx_word' id='word_1_13' title='bbox 315 744 441 829; x_wconf 82' lang='grc' dir='ltr'><strong><em>χ.ένους</em></strong></span> 
     </span>
     <span class='ocr_line' id='line_1_4' title="bbox 659 828 917 891; baseline 0 -1"><span class='ocrx_word' id='word_1_14' title='bbox 659 828 917 891; x_wconf 77' lang='lat' dir='ltr'><em>MAPTYPIAI.</em></span> 
     </span>
    </p>
   </div>
   <div class='ocr_carea' id='block_1_4' title="bbox 354 920 1324 1429">
    <p class='ocr_par' dir='ltr' id='par_1_4' title="bbox 354 920 1324 1426">
     <span class='ocr_line' id='line_1_5' title="bbox 440 920 1263 1034; baseline 0.001 -45"><span class='ocrx_word' id='word_1_15' title='bbox 440 932 649 1009; x_wconf 84' lang='grc' dir='ltr'><strong><em>[Μαρτυροῦσι</em></strong></span> <span class='ocrx_word' id='word_1_16' title='bbox 669 921 790 1007; x_wconf 83' lang='grc' dir='ltr'><strong><em>δημόται</em></strong></span> <span class='ocrx_word' id='word_1_17' title='bbox 808 921 884 988; x_wconf 78' lang='grc' dir='ltr'><strong><em>εἶναι</em></strong></span> <span class='ocrx_word' id='word_1_18' title='bbox 879 921 1087 1034; x_wconf 79' lang='grc' dir='ltr'><em>Φιλάγρῳ</em></span> <span class='ocrx_word' id='word_1_19' title='bbox 1057 951 1098 989; x_wconf 94' lang='grc' dir='ltr'><strong><em>τω</em></strong></span> <span class='ocrx_word' id='word_1_20' title='bbox 1086 920 1263 1009; x_wconf 70' lang='grc' dir='ltr'><strong><em>Εὐβουλί-</em></strong></span> 
     </span>
     <span class='ocr_line' id='line_1_6' title="bbox 358 1005 1264 1117; baseline 0 -42"><span class='ocrx_word' id='word_1_21' title='bbox 358 1016 410 1075; x_wconf 90' lang='grc' dir='ltr'><strong><em>δου</em></strong></span> <span class='ocrx_word' id='word_1_22' title='bbox 420 1012 509 1113; x_wconf 76' lang='grc' dir='ltr'><strong><em>πατρὶ</em></strong></span> <span class='ocrx_word' id='word_1_23' title='bbox 522 1037 571 1072; x_wconf 87' lang='grc' dir='ltr'><strong><em>ιται</em></strong></span> <span class='ocrx_word' id='word_1_24' title='bbox 562 1011 777 1117; x_wconf 79' lang='grc' dir='ltr'><strong><em>Πολέμωνι</em></strong></span> <span class='ocrx_word' id='word_1_25' title='bbox 748 1015 789 1071; x_wconf 79' lang='grc' dir='ltr'><strong><em>τῶ</em></strong></span> <span class='ocrx_word' id='word_1_26' title='bbox 800 1010 927 1108; x_wconf 82' lang='grc' dir='ltr'><strong><em>πατρὶ</em></strong></span> <span class='ocrx_word' id='word_1_27' title='bbox 898 1034 938 1072; x_wconf 90' lang='grc' dir='ltr'><strong><em>τω</em></strong></span> <span class='ocrx_word' id='word_1_28' title='bbox 925 1005 1029 1090; x_wconf 77' lang='lat' dir='ltr'><em>‘lAyv</em></span> <span class='ocrx_word' id='word_1_29' title='bbox 1028 1034 1079 1089; x_wconf 84' lang='grc' dir='ltr'><strong><em>ου,</em></strong></span> <span class='ocrx_word' id='word_1_30' title='bbox 1094 1035 1145 1073; x_wconf 91' lang='grc' dir='ltr'><strong><em>ιιαι</em></strong></span> <span class='ocrx_word' id='word_1_31' title='bbox 1135 1012 1264 1074; x_wconf 72' lang='grc' dir='ltr'><strong><em>ἐἰδέναι</em></strong></span> 
     </span>
     <span class='ocr_line' id='line_1_7' title="bbox 360 1072 1262 1198; baseline 0 -40"><span class='ocrx_word' id='word_1_32' title='bbox 360 1091 537 1196; x_wconf 76' lang='grc' dir='ltr'><strong><em>Φυλομαχιχν</em></strong></span> <span class='ocrx_word' id='word_1_33' title='bbox 544 1119 599 1175; x_wconf 82' lang='grc' dir='ltr'><strong><em>την</em></strong></span> <span class='ocrx_word' id='word_1_34' title='bbox 606 1119 715 1176; x_wconf 86' lang='grc' dir='ltr'><strong><em>μιμερα</em></strong></span> <span class='ocrx_word' id='word_1_35' title='bbox 723 1118 777 1174; x_wconf 82' lang='grc' dir='ltr'><strong><em>τιχν</em></strong></span> <span class='ocrx_word' id='word_1_36' title='bbox 769 1072 968 1196; x_wconf 87' lang='grc' dir='ltr'><strong><em>Ευβουλίδου</em></strong></span> <span class='ocrx_word' id='word_1_37' title='bbox 977 1095 1168 1198; x_wconf 81' lang='grc' dir='ltr'><strong><em>νομιζομένην</em></strong></span> <span class='ocrx_word' id='word_1_38' title='bbox 1177 1088 1262 1158; x_wconf 82' lang='grc' dir='ltr'><strong><em>ἆδελ-</em></strong></span> 
     </span>
     <span class='ocr_line' id='line_1_8' title="bbox 354 1170 1262 1283; baseline 0 -42"><span class='ocrx_word' id='word_1_39' title='bbox 354 1173 419 1260; x_wconf 78' lang='grc' dir='ltr'><strong><em>φὴν</em></strong></span> <span class='ocrx_word' id='word_1_40' title='bbox 435 1175 510 1241; x_wconf 76' lang='grc' dir='ltr'><strong><em>εἶναι</em></strong></span> <span class='ocrx_word' id='word_1_41' title='bbox 520 1178 695 1257; x_wconf 84' lang='grc' dir='ltr'><strong><em>Πολέμωνος</em></strong></span> <span class='ocrx_word' id='word_1_42' title='bbox 712 1183 765 1239; x_wconf 81' lang='grc' dir='ltr'><strong><em>τοῦ</em></strong></span> <span class='ocrx_word' id='word_1_43' title='bbox 773 1170 883 1277; x_wconf 78' lang='grc' dir='ltr'><strong><em>πατρὸς</em></strong></span> <span class='ocrx_word' id='word_1_44' title='bbox 893 1201 944 1238; x_wconf 90' lang='grc' dir='ltr'><strong><em>του</em></strong></span> <span class='ocrx_word' id='word_1_45' title='bbox 931 1171 1068 1278; x_wconf 71' lang='grc' dir='ltr'><strong><em>Ἀννίου</em></strong></span> <span class='ocrx_word' id='word_1_46' title='bbox 1079 1171 1262 1283; x_wconf 79' lang='grc' dir='ltr'><strong><em>ὁμοπατρίαν</em></strong></span> 
     </span>
     <span class='ocr_line' id='line_1_9' title="bbox 356 1253 1324 1365; baseline -0.002 -39"><span class='ocrx_word' id='word_1_47' title='bbox 356 1288 406 1325; x_wconf 86' lang='grc' dir='ltr'><strong><em>παι</em></strong></span> <span class='ocrx_word' id='word_1_48' title='bbox 397 1259 614 1362; x_wconf 69' lang='grc' dir='ltr'><strong><em>ὁμομητρίαν,</em></strong></span> <span class='ocrx_word' id='word_1_49' title='bbox 637 1262 688 1323; x_wconf 80' lang='grc' dir='ltr'><strong><em>καί</em></strong></span> <span class='ocrx_word' id='word_1_50' title='bbox 704 1253 938 1365; x_wconf 81' lang='grc' dir='ltr'><strong><em>μηδενὸςπῶποτ</em></strong></span> <span class='ocrx_word' id='word_1_51' title='bbox 941 1253 1261 1342; x_wconf 84' lang='grc' dir='ltr'><strong><em>ακουσαιωςχένοιτο</em></strong></span> <span class='ocrx_word' id='word_1_52' title='bbox 1269 1265 1324 1324; x_wconf 80' lang='lat'><strong>10⁶1</strong></span> 
     </span>
     <span class='ocr_line' id='line_1_10' title="bbox 355 1339 835 1429; baseline -0.013 -19"><span class='ocrx_word' id='word_1_53' title='bbox 355 1339 484 1426; x_wconf 75' lang='grc' dir='ltr'><strong><em>ἀδελφὸς</em></strong></span> <span class='ocrx_word' id='word_1_54' title='bbox 494 1345 689 1429; x_wconf 76' lang='grc' dir='ltr'><strong><em>Πολέμωνι</em></strong></span> <span class='ocrx_word' id='word_1_55' title='bbox 659 1369 700 1407; x_wconf 90' lang='grc' dir='ltr'><strong><em>τω</em></strong></span> <span class='ocrx_word' id='word_1_56' title='bbox 687 1340 835 1424; x_wconf 75' lang='grc' dir='ltr'><strong><em>Ἁγνίου.</em></strong></span> 
     </span>
    </p>
   </div>
   <div class='ocr_carea' id='block_1_5' title="bbox 719 1463 852 1522">
    <p class='ocr_par' dir='ltr' id='par_1_5' title="bbox 719 1463 852 1522">
     <span class='ocr_line' id='line_1_11' title="bbox 719 1463 852 1522; baseline -0.008 0"><span class='ocrx_word' id='word_1_57' title='bbox 719 1463 852 1522; x_wconf 83' lang='grc' dir='ltr'><em>ΑΔΛΗ.</em></span> 
     </span>
    </p>
   </div>
   <div class='ocr_carea' id='block_1_6' title="bbox 269 1551 1262 1743">
    <p class='ocr_par' dir='ltr' id='par_1_6' title="bbox 269 1551 1262 1725">
     <span class='ocr_line' id='line_1_12' title="bbox 269 1551 1262 1705; baseline 0 -84"><span class='ocrx_word' id='word_1_58' title='bbox 269 1582 303 1636; x_wconf 79' lang='lat'><strong><em>35</em></strong></span> <span class='ocrx_word' id='word_1_59' title='bbox 423 1564 653 1666; x_wconf 81' lang='grc' dir='ltr'><strong><em>Μαρτυρουσιν</em></strong></span> <span class='ocrx_word' id='word_1_60' title='bbox 672 1554 843 1662; x_wconf 77' lang='grc' dir='ltr'><strong><em>Οίνανθιχν,</em></strong></span> <span class='ocrx_word' id='word_1_61' title='bbox 865 1551 921 1659; x_wconf 79' lang='grc' dir='ltr'><strong><em>τὴν</em></strong></span> <span class='ocrx_word' id='word_1_62' title='bbox 929 1557 1045 1705; x_wconf 76' lang='grc' dir='ltr'><strong><em>μητέρα</em></strong></span> <span class='ocrx_word' id='word_1_63' title='bbox 1066 1561 1118 1618; x_wconf 84' lang='grc' dir='ltr'><strong><em>τοῦ</em></strong></span> <span class='ocrx_word' id='word_1_64' title='bbox 1137 1578 1262 1621; x_wconf 90' lang='grc' dir='ltr'><strong><em>παππου</em></strong></span> 
     </span>
     <span class='ocr_line' id='line_1_13' title="bbox 354 1635 1262 1743; baseline 0.001 -40"><span class='ocrx_word' id='word_1_65' title='bbox 354 1649 407 1704; x_wconf 78' lang='grc' dir='ltr'><strong><em>τοῦ</em></strong></span> <span class='ocrx_word' id='word_1_66' title='bbox 419 1644 529 1704; x_wconf 78' lang='grc' dir='ltr'><strong><em>ἑαυτῶν</em></strong></span> <span class='ocrx_word' id='word_1_67' title='bbox 540 1644 745 1725; x_wconf 87' lang='grc' dir='ltr'><strong><em>Στρατωνίδου</em></strong></span> <span class='ocrx_word' id='word_1_68' title='bbox 752 1635 904 1722; x_wconf 80' lang='grc' dir='ltr'><strong><em>,ανεψιδιν</em></strong></span> <span class='ocrx_word' id='word_1_69' title='bbox 915 1664 928 1703; x_wconf 84' lang='grc' dir='ltr'><em>ε</em></span> <span class='ocrx_word' id='word_1_70' title='bbox 941 1665 991 1703; x_wconf 92' lang='grc' dir='ltr'><strong><em>ναι</em></strong></span> <span class='ocrx_word' id='word_1_71' title='bbox 1004 1641 1036 1702; x_wconf 81' lang='grc' dir='ltr'><strong><em>ἕιτ</em></strong></span> <span class='ocrx_word' id='word_1_72' title='bbox 1022 1641 1262 1743; x_wconf 80' lang='grc' dir='ltr'><strong><em>πατραδέλφων</em></strong></span> 
     </span>
    </p>
   </div>
   <div class='ocr_carea' id='block_1_7' title="bbox 298 1718 1261 2140">
    <p class='ocr_par' dir='ltr' id='par_1_7' title="bbox 298 1718 1261 2140">
     <span class='ocr_line' id='line_1_14' title="bbox 298 1718 1261 1832; baseline -0.001 -43"><span class='ocrx_word' id='word_1_73' title='bbox 298 1779 302 1789; x_wconf 91' lang='grc'><em>,</em></span> <span class='ocrx_word' id='word_1_74' title='bbox 355 1726 553 1832; x_wconf 80' lang='grc' dir='ltr'><strong><em>Πολέμωνι</em></strong></span> <span class='ocrx_word' id='word_1_75' title='bbox 525 1748 565 1786; x_wconf 90' lang='grc' dir='ltr'><strong><em>τω</em></strong></span> <span class='ocrx_word' id='word_1_76' title='bbox 552 1725 715 1826; x_wconf 78' lang='grc' dir='ltr'><strong><em>πατρί</em></strong></span> <span class='ocrx_word' id='word_1_77' title='bbox 686 1750 726 1787; x_wconf 91' lang='grc' dir='ltr'><strong><em>τω</em></strong></span> <span class='ocrx_word' id='word_1_78' title='bbox 713 1720 818 1827; x_wconf 74' lang='grc' dir='ltr'><strong><em>Αγμί</em></strong></span> <span class='ocrx_word' id='word_1_79' title='bbox 816 1749 866 1804; x_wconf 86' lang='grc' dir='ltr'><strong><em>ου,</em></strong></span> <span class='ocrx_word' id='word_1_80' title='bbox 889 1718 973 1788; x_wconf 77' lang='grc' dir='ltr'><strong><em>ταδ’</em></strong></span> <span class='ocrx_word' id='word_1_81' title='bbox 955 1721 1076 1788; x_wconf 81' lang='grc' dir='ltr'><strong><em>ακούειν</em></strong></span> <span class='ocrx_word' id='word_1_82' title='bbox 1090 1731 1143 1789; x_wconf 79' lang='grc' dir='ltr'><strong><em>τοῦ</em></strong></span> <span class='ocrx_word' id='word_1_83' title='bbox 1151 1720 1261 1826; x_wconf 82' lang='grc' dir='ltr'><strong><em>πατρὸς</em></strong></span> 
     </span>
     <span class='ocr_line' id='line_1_15' title="bbox 355 1789 1259 1910; baseline 0.002 -40"><span class='ocrx_word' id='word_1_84' title='bbox 355 1814 407 1870; x_wconf 81' lang='grc' dir='ltr'><strong><em>τοῦ</em></strong></span> <span class='ocrx_word' id='word_1_85' title='bbox 425 1810 535 1871; x_wconf 79' lang='grc' dir='ltr'><strong><em>ἑαυτῶν</em></strong></span> <span class='ocrx_word' id='word_1_86' title='bbox 552 1805 595 1872; x_wconf 89' lang='grc' dir='ltr'><strong><em>ότι</em></strong></span> <span class='ocrx_word' id='word_1_87' title='bbox 606 1789 761 1908; x_wconf 80' lang='grc' dir='ltr'><strong><em>Πολέμμινι</em></strong></span> <span class='ocrx_word' id='word_1_88' title='bbox 773 1802 897 1909; x_wconf 80' lang='grc' dir='ltr'><strong><em>ἆδελφδς</em></strong></span> <span class='ocrx_word' id='word_1_89' title='bbox 907 1803 1048 1882; x_wconf 82' lang='grc' dir='ltr'><strong><em>ουδεὶς’</em></strong></span> <span class='ocrx_word' id='word_1_90' title='bbox 1013 1831 1259 1910; x_wconf 78' lang='grc' dir='ltr'><strong><em>χενοιτοπωποτε,</em></strong></span> 
     </span>
     <span class='ocr_line' id='line_1_16' title="bbox 355 1885 1261 1994; baseline 0.001 -41"><span class='ocrx_word' id='word_1_91' title='bbox 355 1915 396 1975; x_wconf 80' lang='grc' dir='ltr'><strong><em>τῳ</em></strong></span> <span class='ocrx_word' id='word_1_92' title='bbox 383 1891 532 1976; x_wconf 80' lang='grc' dir='ltr'><strong><em>πατρὶ</em></strong></span> <span class='ocrx_word' id='word_1_93' title='bbox 502 1915 541 1953; x_wconf 89' lang='grc' dir='ltr'><strong><em>τω</em></strong></span> <span class='ocrx_word' id='word_1_94' title='bbox 530 1887 632 1994; x_wconf 82' lang='grc' dir='ltr'><strong><em>Αχνί</em></strong></span> <span class='ocrx_word' id='word_1_95' title='bbox 631 1916 682 1970; x_wconf 87' lang='grc' dir='ltr'><strong><em>ου,</em></strong></span> <span class='ocrx_word' id='word_1_96' title='bbox 691 1885 807 1994; x_wconf 80' lang='grc' dir='ltr'><strong><em>ιἰδελφὴ</em></strong></span> <span class='ocrx_word' id='word_1_97' title='bbox 818 1890 849 1954; x_wconf 79' lang='grc' dir='ltr'><strong><em>δέ</em></strong></span> <span class='ocrx_word' id='word_1_98' title='bbox 864 1887 1048 1973; x_wconf 70' lang='grc' dir='ltr'><strong><em>Φυλομάχη</em></strong></span> <span class='ocrx_word' id='word_1_99' title='bbox 1036 1895 1180 1975; x_wconf 89' lang='grc' dir='ltr'><strong><em>ομοπατρί</em></strong></span> <span class='ocrx_word' id='word_1_100' title='bbox 1179 1918 1198 1954; x_wconf 90' lang='grc' dir='ltr'><strong><em>α</em></strong></span> <span class='ocrx_word' id='word_1_101' title='bbox 1167 1892 1261 1954; x_wconf 77' lang='grc' dir='ltr'><strong><em>ίιιαί</em></strong></span> 
     </span>
     <span class='ocr_line' id='line_1_17' title="bbox 357 1968 1259 2076; baseline 0.002 -40"><span class='ocrx_word' id='word_1_102' title='bbox 357 1953 532 2076; x_wconf 80' lang='grc' dir='ltr'><strong><em>ὁμομητρία,</em></strong></span> <span class='ocrx_word' id='word_1_103' title='bbox 549 1970 674 2056; x_wconf 75' lang='grc' dir='ltr'><strong><em>ἡμήτηρ</em></strong></span> <span class='ocrx_word' id='word_1_104' title='bbox 685 2001 703 2055; x_wconf 84' lang='grc' dir='ltr'><em>η</em></span> <span class='ocrx_word' id='word_1_105' title='bbox 691 1968 837 2075; x_wconf 84' lang='grc' dir='ltr'><strong><em>Ευβομλ</em></strong></span> <span class='ocrx_word' id='word_1_106' title='bbox 839 1977 904 2036; x_wconf 90' lang='grc' dir='ltr'><strong><em>ίδου</em></strong></span> <span class='ocrx_word' id='word_1_107' title='bbox 914 2000 967 2038; x_wconf 91' lang='grc' dir='ltr'><strong><em>του</em></strong></span> <span class='ocrx_word' id='word_1_108' title='bbox 954 1977 1132 2060; x_wconf 48' lang='grc' dir='ltr'><strong><em>Ηπατρὸς</em></strong></span> <span class='ocrx_word' id='word_1_109' title='bbox 1096 2000 1147 2057; x_wconf 82' lang='grc' dir='ltr'><strong><em>της</em></strong></span> <span class='ocrx_word' id='word_1_110' title='bbox 1161 1981 1259 2038; x_wconf 85' lang='grc' dir='ltr'><strong><em>Φυλο-</em></strong></span> 
     </span>
     <span class='ocr_line' id='line_1_18' title="bbox 356 2053 832 2140; baseline 0.002 -21"><span class='ocrx_word' id='word_1_111' title='bbox 356 2055 449 2139; x_wconf 80' lang='grc' dir='ltr'><strong><em>μοίχχς</em></strong></span> <span class='ocrx_word' id='word_1_112' title='bbox 458 2064 509 2140; x_wconf 80' lang='grc' dir='ltr'><strong><em>τῆς</em></strong></span> <span class='ocrx_word' id='word_1_113' title='bbox 518 2059 672 2120; x_wconf 80' lang='grc' dir='ltr'><strong><em>Σωσιθέου</em></strong></span> <span class='ocrx_word' id='word_1_114' title='bbox 683 2053 832 2140; x_wconf 79' lang='grc' dir='ltr'><strong><em>γυναικός.</em></strong></span> 
     </span>
    </p>
   </div>
   <div class='ocr_carea' id='block_1_8' title="bbox 715 2178 847 2236">
    <p class='ocr_par' dir='ltr' id='par_1_8' title="bbox 715 2178 847 2236">
     <span class='ocr_line' id='line_1_19' title="bbox 715 2178 847 2236; baseline 0 0"><span class='ocrx_word' id='word_1_115' title='bbox 715 2178 847 2236; x_wconf 81' lang='lat' dir='ltr'><em>AAAH.</em></span> 
     </span>
    </p>
   </div>
   <div class='ocr_carea' id='block_1_9' title="bbox 337 2263 1260 2461">
    <p class='ocr_par' dir='ltr' id='par_1_9' title="bbox 337 2263 1260 2436">
     <span class='ocr_line' id='line_1_20' title="bbox 337 2263 1260 2374; baseline 0.002 -42"><span class='ocrx_word' id='word_1_116' title='bbox 337 2273 341 2298; x_wconf 76' lang='lat'>¹</span> <span class='ocrx_word' id='word_1_117' title='bbox 436 2275 597 2371; x_wconf 84' lang='grc' dir='ltr'><strong><em>Μαρτυρεῖ</em></strong></span> <span class='ocrx_word' id='word_1_118' title='bbox 611 2265 752 2353; x_wconf 77' lang='grc' dir='ltr'><strong><em>συγγενὴς</em></strong></span> <span class='ocrx_word' id='word_1_119' title='bbox 769 2267 911 2335; x_wconf 78' lang='grc' dir='ltr'><strong><em>εἶναικαὶ</em></strong></span> <span class='ocrx_word' id='word_1_120' title='bbox 928 2263 1045 2354; x_wconf 77' lang='grc' dir='ltr'><strong><em>φράτηρ</em></strong></span> <span class='ocrx_word' id='word_1_121' title='bbox 1062 2272 1112 2334; x_wconf 78' lang='grc' dir='ltr'><strong><em>ιιαλ</em></strong></span> <span class='ocrx_word' id='word_1_122' title='bbox 1133 2265 1260 2374; x_wconf 78' lang='grc' dir='ltr'><strong><em>δημότης</em></strong></span> 
     </span>
     <span class='ocr_line' id='line_1_21' title="bbox 353 2347 1259 2461; baseline 0.002 -47"><span class='ocrx_word' id='word_1_123' title='bbox 353 2353 443 2456; x_wconf 76' lang='grc' dir='ltr'><strong><em>Ἆχνί</em></strong></span> <span class='ocrx_word' id='word_1_124' title='bbox 431 2377 450 2414; x_wconf 90' lang='grc' dir='ltr'><strong><em>α</em></strong></span> <span class='ocrx_word' id='word_1_125' title='bbox 467 2354 517 2415; x_wconf 79' lang='grc' dir='ltr'><strong><em>καὶ</em></strong></span> <span class='ocrx_word' id='word_1_126' title='bbox 528 2347 647 2461; x_wconf 81' lang='grc' dir='ltr'><strong><em>Εοβουλ</em></strong></span> <span class='ocrx_word' id='word_1_127' title='bbox 648 2357 712 2441; x_wconf 81' lang='grc' dir='ltr'><strong><em>ίδχ,</em></strong></span> <span class='ocrx_word' id='word_1_128' title='bbox 736 2355 786 2417; x_wconf 81' lang='grc' dir='ltr'><strong><em>καὶ</em></strong></span> <span class='ocrx_word' id='word_1_129' title='bbox 805 2349 925 2418; x_wconf 83' lang='grc' dir='ltr'><strong><em>ἆιτουειν</em></strong></span> <span class='ocrx_word' id='word_1_130' title='bbox 940 2379 992 2418; x_wconf 91' lang='grc' dir='ltr'><strong><em>του</em></strong></span> <span class='ocrx_word' id='word_1_131' title='bbox 1001 2349 1117 2458; x_wconf 82' lang='grc' dir='ltr'><strong><em>πατρὸς</em></strong></span> <span class='ocrx_word' id='word_1_132' title='bbox 1126 2374 1178 2417; x_wconf 76' lang='grc' dir='ltr'><strong><em>τὀυ</em></strong></span> <span class='ocrx_word' id='word_1_133' title='bbox 1166 2355 1259 2418; x_wconf 75' lang='grc' dir='ltr'><strong><em>’έαν-</em></strong></span> 
     </span>
    </p>
   </div>
   <div class='ocr_carea' id='block_1_10' title="bbox 351 2414 1260 2628">
    <p class='ocr_par' dir='ltr' id='par_1_10' title="bbox 351 2414 1260 2605">
     <span class='ocr_line' id='line_1_22' title="bbox 351 2414 1260 2543; baseline 0.001 -44"><span class='ocrx_word' id='word_1_134' title='bbox 351 2461 411 2500; x_wconf 91' lang='grc' dir='ltr'><strong><em>των</em></strong></span> <span class='ocrx_word' id='word_1_135' title='bbox 427 2414 477 2499; x_wconf 84' lang='grc' dir='ltr'><strong><em>ιιαλ</em></strong></span> <span class='ocrx_word' id='word_1_136' title='bbox 494 2443 554 2500; x_wconf 81' lang='grc' dir='ltr'><strong><em>τῶν</em></strong></span> <span class='ocrx_word' id='word_1_137' title='bbox 569 2436 666 2501; x_wconf 72' lang='grc' dir='ltr'><strong><em>ἄλλων</em></strong></span> <span class='ocrx_word' id='word_1_138' title='bbox 681 2444 831 2543; x_wconf 80' lang='grc' dir='ltr'><strong><em>συγγενων</em></strong></span> <span class='ocrx_word' id='word_1_139' title='bbox 846 2435 891 2502; x_wconf 77' lang='grc' dir='ltr'><strong><em>ὅτι</em></strong></span> <span class='ocrx_word' id='word_1_140' title='bbox 903 2432 1037 2542; x_wconf 79' lang='grc' dir='ltr'><strong><em>ἆδελφδς</em></strong></span> <span class='ocrx_word' id='word_1_141' title='bbox 1039 2434 1135 2513; x_wconf 79' lang='grc' dir='ltr'><strong><em>ουδεὶς</em></strong></span> <span class='ocrx_word' id='word_1_142' title='bbox 1146 2439 1260 2520; x_wconf 76' lang='grc' dir='ltr'><strong><em>ἐγένετο</em></strong></span> 
     </span>
     <span class='ocr_line' id='line_1_23' title="bbox 351 2516 1259 2628; baseline -0.001 -45"><span class='ocrx_word' id='word_1_143' title='bbox 351 2545 392 2605; x_wconf 81' lang='grc' dir='ltr'><strong><em>τιμ</em></strong></span> <span class='ocrx_word' id='word_1_144' title='bbox 379 2522 557 2620; x_wconf 82' lang='grc' dir='ltr'><strong><em>Πολέμωνι</em></strong></span> <span class='ocrx_word' id='word_1_145' title='bbox 573 2548 613 2608; x_wconf 74' lang='grc' dir='ltr'><strong><em>τρι</em></strong></span> <span class='ocrx_word' id='word_1_146' title='bbox 601 2523 757 2624; x_wconf 79' lang='grc' dir='ltr'><strong><em>πατρὶ</em></strong></span> <span class='ocrx_word' id='word_1_147' title='bbox 729 2547 769 2585; x_wconf 92' lang='grc' dir='ltr'><strong><em>τω</em></strong></span> <span class='ocrx_word' id='word_1_148' title='bbox 756 2517 859 2628; x_wconf 50' lang='grc' dir='ltr'><strong><em>*ἶνίχνί</em></strong></span> <span class='ocrx_word' id='word_1_149' title='bbox 859 2548 909 2604; x_wconf 84' lang='grc' dir='ltr'><strong><em>ου,</em></strong></span> <span class='ocrx_word' id='word_1_150' title='bbox 916 2517 1081 2626; x_wconf 72' lang='grc' dir='ltr'><strong><em>ἆδελφὴδ</em></strong></span> <span class='ocrx_word' id='word_1_151' title='bbox 1094 2516 1259 2604; x_wconf 81' lang='grc' dir='ltr'><strong><em>δμδπατρία</em></strong></span> 
     </span>
    </p>
   </div>
   <div class='ocr_carea' id='block_1_11' title="bbox 351 2586 1257 2771">
    <p class='ocr_par' dir='ltr' id='par_1_11' title="bbox 351 2586 1257 2771">
     <span class='ocr_line' id='line_1_24' title="bbox 352 2586 1257 2708; baseline 0.002 -43"><span class='ocrx_word' id='word_1_152' title='bbox 352 2628 401 2665; x_wconf 90' lang='grc' dir='ltr'><strong><em>ιιαι</em></strong></span> <span class='ocrx_word' id='word_1_153' title='bbox 419 2598 578 2705; x_wconf 79' lang='grc' dir='ltr'><strong><em>ομομιχτρία</em></strong></span> <span class='ocrx_word' id='word_1_154' title='bbox 592 2586 783 2686; x_wconf 77' lang='grc' dir='ltr'><strong><em>Φυλομάχη</em></strong></span> <span class='ocrx_word' id='word_1_155' title='bbox 766 2633 786 2687; x_wconf 84' lang='grc' dir='ltr'><em>η</em></span> <span class='ocrx_word' id='word_1_156' title='bbox 804 2603 898 2688; x_wconf 77' lang='grc' dir='ltr'><strong><em>μήτηρ</em></strong></span> <span class='ocrx_word' id='word_1_157' title='bbox 908 2633 928 2686; x_wconf 84' lang='grc' dir='ltr'><em>η</em></span> <span class='ocrx_word' id='word_1_158' title='bbox 916 2600 1126 2708; x_wconf 75' lang='grc' dir='ltr'><strong><em>Εὐβουλίδου</em></strong></span> <span class='ocrx_word' id='word_1_159' title='bbox 1136 2631 1188 2669; x_wconf 91' lang='grc' dir='ltr'><strong><em>του</em></strong></span> <span class='ocrx_word' id='word_1_160' title='bbox 1199 2629 1257 2667; x_wconf 84' lang='grc' dir='ltr'><strong><em>πα-</em></strong></span> 
     </span>
     <span class='ocr_line' id='line_1_25' title="bbox 351 2681 989 2771; baseline 0.008 -23"><span class='ocrx_word' id='word_1_161' title='bbox 351 2681 416 2769; x_wconf 83' lang='grc' dir='ltr'><strong><em>τρὸς</em></strong></span> <span class='ocrx_word' id='word_1_162' title='bbox 431 2685 650 2769; x_wconf 86' lang='grc' dir='ltr'><strong><em>Φυλομαχης</em></strong></span> <span class='ocrx_word' id='word_1_163' title='bbox 615 2713 666 2770; x_wconf 83' lang='grc' dir='ltr'><strong><em>της</em></strong></span> <span class='ocrx_word' id='word_1_164' title='bbox 675 2689 831 2751; x_wconf 82' lang='grc' dir='ltr'><strong><em>Σωσιθέου</em></strong></span> <span class='ocrx_word' id='word_1_165' title='bbox 841 2687 989 2771; x_wconf 76' lang='grc' dir='ltr'><strong><em>γυναικός.</em></strong></span> 
     </span>
    </p>
   </div>
   <div class='ocr_carea' id='block_1_12' title="bbox 712 2807 845 2864">
    <p class='ocr_par' dir='ltr' id='par_1_12' title="bbox 712 2807 845 2864">
     <span class='ocr_line' id='line_1_26' title="bbox 712 2807 845 2864; baseline 0 -3"><span class='ocrx_word' id='word_1_166' title='bbox 712 2807 845 2864; x_wconf 87' lang='lat' dir='ltr'><em>AAAH.</em></span> 
     </span>
    </p>
   </div>
   <div class='ocr_carea' id='block_1_13' title="bbox 255 2892 1290 3342">
    <p class='ocr_par' dir='ltr' id='par_1_13' title="bbox 352 2892 1283 3066">
     <span class='ocr_line' id='line_1_27' title="bbox 435 2892 1255 3003; baseline 0.006 -44"><span class='ocrx_word' id='word_1_167' title='bbox 435 2894 832 3004; x_wconf 82' lang='grc' dir='ltr'><strong><em>Μαρτυρεῑιταππονείναιέ</em></strong></span> <span class='ocrx_word' id='word_1_168' title='bbox 818 2900 921 3002; x_wconf 80' lang='grc' dir='ltr'><strong><em>ἕαυτρυ</em></strong></span> <span class='ocrx_word' id='word_1_169' title='bbox 907 2892 1255 3000; x_wconf 76' lang='grc' dir='ltr'><strong><em>Ἀρχίμαχονιιαὶποιή-</em></strong></span> 
     </span>
     <span class='ocr_line' id='line_1_28' title="bbox 352 2976 1283 3091; baseline 0.004 -47"><span class='ocrx_word' id='word_1_170' title='bbox 352 2982 493 3044; x_wconf 92' lang='grc' dir='ltr'><strong><em>σασθαι</em></strong></span> <span class='ocrx_word' id='word_1_171' title='bbox 479 2979 582 3046; x_wconf 84' lang='grc' dir='ltr'><strong><em>εαυτὸν</em></strong></span> <span class='ocrx_word' id='word_1_172' title='bbox 597 2976 678 3063; x_wconf 77' lang='grc' dir='ltr'><strong><em>οἷὸν,</em></strong></span> <span class='ocrx_word' id='word_1_173' title='bbox 703 3007 753 3045; x_wconf 87' lang='grc' dir='ltr'><strong><em>ιιαι</em></strong></span> <span class='ocrx_word' id='word_1_174' title='bbox 744 2977 899 3046; x_wconf 81' lang='grc' dir='ltr'><strong><em>εἶναι’</em></strong></span> <span class='ocrx_word' id='word_1_175' title='bbox 862 2978 952 3047; x_wconf 85' lang='grc' dir='ltr'><strong><em>αυτὸν</em></strong></span> <span class='ocrx_word' id='word_1_176' title='bbox 963 3004 1088 3089; x_wconf 81' lang='grc' dir='ltr'><strong><em>συχχενη</em></strong></span> <span class='ocrx_word' id='word_1_177' title='bbox 1075 2985 1256 3091; x_wconf 86' lang='grc' dir='ltr'><strong><em>Πολέμωνι</em></strong></span> <span class='ocrx_word' id='word_1_178' title='bbox 1278 3008 1283 3023; x_wconf 75' lang='lat'><em>&#39;</em></span> 
     </span>
    </p>

    <p class='ocr_par' dir='ltr' id='par_1_14' title="bbox 255 3060 1290 3235">
     <span class='ocr_line' id='line_1_29' title="bbox 255 3060 1255 3175; baseline 0.004 -49"><span class='ocrx_word' id='word_1_179' title='bbox 255 3110 256 3115; x_wconf 19' lang='grc' dir='ltr'><strong>κ</strong></span> <span class='ocrx_word' id='word_1_180' title='bbox 351 3071 391 3151; x_wconf 75' lang='grc' dir='ltr'><strong><em>τῷ</em></strong></span> <span class='ocrx_word' id='word_1_181' title='bbox 401 3065 528 3153; x_wconf 77' lang='grc' dir='ltr'><strong><em>πατρὶ</em></strong></span> <span class='ocrx_word' id='word_1_182' title='bbox 499 3089 539 3127; x_wconf 89' lang='grc' dir='ltr'><strong><em>τω</em></strong></span> <span class='ocrx_word' id='word_1_183' title='bbox 527 3061 680 3171; x_wconf 73' lang='grc' dir='ltr'><strong><em>Αχνίον,</em></strong></span> <span class='ocrx_word' id='word_1_184' title='bbox 697 3067 747 3128; x_wconf 82' lang='grc' dir='ltr'><strong><em>καὶ</em></strong></span> <span class='ocrx_word' id='word_1_185' title='bbox 758 3060 878 3130; x_wconf 77' lang='grc' dir='ltr'><strong><em>ἄκουσιν</em></strong></span> <span class='ocrx_word' id='word_1_186' title='bbox 886 3061 1059 3175; x_wconf 77' lang='grc' dir='ltr'><strong><em>Ἀρχιμάχου</em></strong></span> <span class='ocrx_word' id='word_1_187' title='bbox 1070 3068 1120 3129; x_wconf 80' lang='grc' dir='ltr'><strong><em>καὶ</em></strong></span> <span class='ocrx_word' id='word_1_188' title='bbox 1131 3093 1190 3131; x_wconf 91' lang='grc' dir='ltr'><strong><em>των</em></strong></span> <span class='ocrx_word' id='word_1_189' title='bbox 1202 3064 1255 3130; x_wconf 78' lang='grc' dir='ltr'><strong><em>δίλ-</em></strong></span> 
     </span>
     <span class='ocr_line' id='line_1_30' title="bbox 351 3143 1290 3256; baseline 0.007 -47"><span class='ocrx_word' id='word_1_190' title='bbox 351 3154 410 3210; x_wconf 91' lang='grc' dir='ltr'><strong><em>λων</em></strong></span> <span class='ocrx_word' id='word_1_191' title='bbox 426 3156 575 3252; x_wconf 73' lang='grc' dir='ltr'><strong><em>συμμενοῖν</em></strong></span> <span class='ocrx_word' id='word_1_192' title='bbox 590 3148 634 3212; x_wconf 84' lang='grc' dir='ltr'><strong><em>δ’τι</em></strong></span> <span class='ocrx_word' id='word_1_193' title='bbox 629 3143 777 3256; x_wconf 82' lang='grc' dir='ltr'><strong><em>ιἰδελφδς</em></strong></span> <span class='ocrx_word' id='word_1_194' title='bbox 794 3145 889 3226; x_wconf 80' lang='grc' dir='ltr'><strong><em>οὖδεις</em></strong></span> <span class='ocrx_word' id='word_1_195' title='bbox 904 3175 1006 3216; x_wconf 88' lang='grc' dir='ltr'><strong><em>πωποτ</em></strong></span> <span class='ocrx_word' id='word_1_196' title='bbox 1009 3150 1148 3235; x_wconf 79' lang='grc' dir='ltr'><strong><em>’ἐγένετο</em></strong></span> <span class='ocrx_word' id='word_1_197' title='bbox 1158 3153 1255 3216; x_wconf 86' lang='grc' dir='ltr'><strong><em>Πολέ·</em></strong></span> <span class='ocrx_word' id='word_1_198' title='bbox 1276 3199 1290 3208; x_wconf 75' lang='lat'>-</span> 
     </span>
    </p>

    <p class='ocr_par' dir='ltr' id='par_1_15' title="bbox 351 3229 1263 3342">
     <span class='ocr_line' id='line_1_31' title="bbox 351 3229 1263 3342; baseline 0.009 -49"><span class='ocrx_word' id='word_1_199' title='bbox 351 3256 426 3310; x_wconf 89' lang='grc' dir='ltr'><strong><em>μωνι</em></strong></span> <span class='ocrx_word' id='word_1_200' title='bbox 435 3258 475 3319; x_wconf 83' lang='grc' dir='ltr'><strong><em>τιμ</em></strong></span> <span class='ocrx_word' id='word_1_201' title='bbox 462 3233 613 3335; x_wconf 77' lang='grc' dir='ltr'><strong><em>πατρί</em></strong></span> <span class='ocrx_word' id='word_1_202' title='bbox 583 3258 625 3296; x_wconf 93' lang='grc' dir='ltr'><strong><em>τω</em></strong></span> <span class='ocrx_word' id='word_1_203' title='bbox 613 3229 749 3338; x_wconf 74' lang='grc' dir='ltr'><strong><em>“Ἀμνίου</em></strong></span> <span class='ocrx_word' id='word_1_204' title='bbox 755 3280 765 3314; x_wconf 85' lang='grc'>,</span> <span class='ocrx_word' id='word_1_205' title='bbox 782 3229 897 3342; x_wconf 77' lang='grc' dir='ltr'><strong><em>αδελφὴ</em></strong></span> <span class='ocrx_word' id='word_1_206' title='bbox 908 3229 937 3298; x_wconf 90' lang='grc' dir='ltr'><strong><em>δ</em></strong></span> <span class='ocrx_word' id='word_1_207' title='bbox 949 3229 1112 3340; x_wconf 82' lang='grc' dir='ltr'><strong><em>ὁμοπατρία</em></strong></span> <span class='ocrx_word' id='word_1_208' title='bbox 1122 3262 1173 3299; x_wconf 91' lang='grc' dir='ltr'><strong><em>ιιαι</em></strong></span> <span class='ocrx_word' id='word_1_209' title='bbox 1165 3231 1263 3339; x_wconf 63' lang='grc' dir='ltr'><strong><em>ὁμο-ι</em></strong></span> 
     </span>
    </p>
   </div>
   <div class='ocr_carea' id='block_1_14' title="bbox 352 3295 1321 3485">
    <p class='ocr_par' dir='ltr' id='par_1_16' title="bbox 352 3295 1321 3485">
     <span class='ocr_line' id='line_1_32' title="bbox 352 3295 1321 3418; baseline 0.005 -42"><span class='ocrx_word' id='word_1_210' title='bbox 352 3295 464 3397; x_wconf 82' lang='grc' dir='ltr'><strong><em>μητρία</em></strong></span> <span class='ocrx_word' id='word_1_211' title='bbox 470 3296 665 3418; x_wconf 75' lang='grc' dir='ltr'><strong><em>Φυλομέχηὴ</em></strong></span> <span class='ocrx_word' id='word_1_212' title='bbox 682 3315 776 3402; x_wconf 78' lang='grc' dir='ltr'><strong><em>μήτηρ</em></strong></span> <span class='ocrx_word' id='word_1_213' title='bbox 793 3315 959 3412; x_wconf 79' lang='grc' dir='ltr'><strong><em>ἡΕυβοολί</em></strong></span> <span class='ocrx_word' id='word_1_214' title='bbox 957 3324 1011 3385; x_wconf 89' lang='grc' dir='ltr'><strong><em>δον</em></strong></span> <span class='ocrx_word' id='word_1_215' title='bbox 1021 3328 1074 3386; x_wconf 80' lang='grc' dir='ltr'><strong><em>τοῦ</em></strong></span> <span class='ocrx_word' id='word_1_216' title='bbox 1083 3315 1192 3406; x_wconf 81' lang='grc' dir='ltr'><strong><em>πατρὸς</em></strong></span> <span class='ocrx_word' id='word_1_217' title='bbox 1202 3327 1255 3403; x_wconf 77' lang='grc' dir='ltr'><strong><em>τῆς</em></strong></span> <span class='ocrx_word' id='word_1_218' title='bbox 1306 3364 1321 3381; x_wconf 60' lang='grc' dir='ltr'><strong><em>ι</em></strong></span> 
     </span>
     <span class='ocr_line' id='line_1_33' title="bbox 356 3396 919 3485; baseline 0.014 -26"><span class='ocrx_word' id='word_1_219' title='bbox 356 3396 575 3481; x_wconf 75' lang='grc' dir='ltr'><strong><em>Φυλομάχης</em></strong></span> <span class='ocrx_word' id='word_1_220' title='bbox 539 3427 601 3484; x_wconf 81' lang='grc' dir='ltr'><strong><em>της</em></strong></span> <span class='ocrx_word' id='word_1_221' title='bbox 605 3403 760 3466; x_wconf 83' lang='grc' dir='ltr'><strong><em>Σωσιθέου</em></strong></span> <span class='ocrx_word' id='word_1_222' title='bbox 770 3427 919 3485; x_wconf 80' lang='grc' dir='ltr'><strong><em>χυναιιιος.</em></strong></span> 
     </span>
    </p>
   </div>
   <div class='ocr_carea' id='block_1_15' title="bbox 711 3523 844 3580">
    <p class='ocr_par' dir='ltr' id='par_1_17' title="bbox 711 3523 844 3580">
     <span class='ocr_line' id='line_1_34' title="bbox 711 3523 844 3580; baseline 0 -4"><span class='ocrx_word' id='word_1_223' title='bbox 711 3523 844 3580; x_wconf 87' lang='grc' dir='ltr'><em>ΑΛΛΗ.</em></span> 
     </span>
    </p>
   </div>
   <div class='ocr_carea' id='block_1_16' title="bbox 351 3580 1253 3786">
    <p class='ocr_par' dir='ltr' id='par_1_18' title="bbox 351 3580 1253 3786">
     <span class='ocr_line' id='line_1_35' title="bbox 434 3580 1253 3718; baseline 0.004 -44"><span class='ocrx_word' id='word_1_224' title='bbox 434 3580 633 3718; x_wconf 82' lang='grc' dir='ltr'><strong><em>Μαρτυρεῖ</em></strong></span> <span class='ocrx_word' id='word_1_225' title='bbox 606 3641 657 3680; x_wconf 91' lang='grc' dir='ltr'><strong><em>τον</em></strong></span> <span class='ocrx_word' id='word_1_226' title='bbox 672 3617 782 3700; x_wconf 85' lang='grc' dir='ltr'><strong><em>πατέρα</em></strong></span> <span class='ocrx_word' id='word_1_227' title='bbox 799 3622 851 3697; x_wconf 78' lang='grc' dir='ltr'><strong><em>τῆς</em></strong></span> <span class='ocrx_word' id='word_1_228' title='bbox 868 3616 972 3678; x_wconf 76' lang='grc' dir='ltr'><strong><em>ἑαυτοῦ</em></strong></span> <span class='ocrx_word' id='word_1_229' title='bbox 987 3612 1127 3698; x_wconf 77' lang='grc' dir='ltr'><strong><em>γυναικὸς</em></strong></span> <span class='ocrx_word' id='word_1_230' title='bbox 1144 3618 1253 3678; x_wconf 87' lang='grc' dir='ltr'><strong><em>Καλλί-</em></strong></span> 
     </span>
     <span class='ocr_line' id='line_1_36' title="bbox 351 3693 1252 3786; baseline 0.005 -28"><span class='ocrx_word' id='word_1_231' title='bbox 351 3713 474 3779; x_wconf 80' lang='grc' dir='ltr'><strong><em>στρατον</em></strong></span> <span class='ocrx_word' id='word_1_232' title='bbox 490 3693 615 3776; x_wconf 86' lang='grc' dir='ltr'><strong><em>ανεψιὸν</em></strong></span> <span class='ocrx_word' id='word_1_233' title='bbox 626 3697 701 3764; x_wconf 81' lang='grc' dir='ltr'><strong><em>εἶναι</em></strong></span> <span class='ocrx_word' id='word_1_234' title='bbox 712 3701 744 3763; x_wconf 79' lang='grc' dir='ltr'><strong><em>ἒιι</em></strong></span> <span class='ocrx_word' id='word_1_235' title='bbox 755 3701 967 3783; x_wconf 83' lang='grc' dir='ltr'><strong><em>πατραδέλφων</em></strong></span> <span class='ocrx_word' id='word_1_236' title='bbox 979 3702 1134 3783; x_wconf 87' lang='grc' dir='ltr'><strong><em>Πολέμωνι</em></strong></span> <span class='ocrx_word' id='word_1_237' title='bbox 1143 3725 1184 3786; x_wconf 82' lang='grc' dir='ltr'><strong><em>τρι</em></strong></span> <span class='ocrx_word' id='word_1_238' title='bbox 1195 3723 1252 3763; x_wconf 83' lang='grc' dir='ltr'><strong><em>πα·</em></strong></span> 
     </span>
    </p>
   </div>
   <div class='ocr_carea' id='block_1_17' title="bbox 0 0 1584 4409">
    <p class='ocr_par' dir='ltr' id='par_1_19' title="bbox 0 0 1584 4409">
     <span class='ocr_line' id='line_1_37' title="bbox 0 0 1584 4409; baseline 0 1"><span class='ocrx_word' id='word_1_239' title='bbox 0 0 1584 4409; x_wconf 95' lang='lat' dir='ltr'><strong><em> </em></strong></span> 
     </span>
    </p>
   </div>
  </div>
 </body>
</html>
