3159 4409
385 473 509 538 ΚΑΤΑ
528 468 677 533 ΕΤΕΡΠ
699 468 786 530 ΚΑΙ
804 468 1005 531 ΜΝΗΣΙΒτ
1023 469 1155 532 ww.
1188 467 1249 562 103

301 637 385 722 πρὸς
396 634 574 722 Θεόφημον
592 630 797 718 συμβόλαιον
808 631 869 716 μὲν
880 626 1120 698 οόδὲυπάποτε
1131 632 1252 718 πρότε-

301 763 364 825 ρον
376 738 469 818 ἐντῷ
479 739 540 822 βίω
552 734 697 816 ἐγένετο,
720 725 795 796 οόδ’
809 721 854 795 αὖ
865 737 975 814 κῶμος
985 723 1007 816 ἢ
1017 725 1130 817 ἔρωςῆ
1141 731 1251 814 πότος,

302 832 387 900 ὥστε
398 829 642 916 διαφερόμενον
654 833 730 912 περί
738 851 829 904 τινος
840 826 1121 913 πλεονεκτήματος
1135 822 1156 914 ἢ
1166 853 1252 913 παρ-

242 974 244 979 ,
302 929 507 1015 οξυνόμενον
533 922 608 993 ὑπὸ·
618 922 740 1012 ἡδονῆς
757 919 847 1003 τινός
863 925 975 992 ἐλθεῖν
992 926 1045 994 ἐπὶ
1062 922 1124 1011 τὴν
1146 932 1254 995 οίκίαν

301 1025 503 1114 τηντοότου.
527 1021 749 1110 ψηφισμάτων
760 1021 797 1090 δὲ
807 1017 976 1108 ὑμετέρων
987 1023 1096 1110 δήμου
1106 1025 1162 1091 καὶ
1174 1030 1254 1111 βου-

302 1135 362 1214 λῆς
372 1127 427 1195 καὶ
436 1123 545 1210 νόμον
556 1122 776 1204 ἐπιτάξαντος,
787 1125 959 1206 εἰσέπραξα
968 1123 1024 1190 καὶ
1032 1131 1152 1191 τοῦτον
1160 1120 1255 1210 ὀφεί-
1263 1135 1330 1190 1145

302 1234 403 1294 λοντα
413 1231 452 1311 τῇ
463 1222 556 1293 πόλει
567 1221 668 1310 σκεόη
680 1220 839 1310 τριηρικά.
863 1222 946 1290 διότι
958 1225 1004 1309 δὲ,
1015 1221 1080 1310 ἐγω
1091 1221 1171 1311 ὑμῖν
1182 1228 1255 1310 διηὲ

256 1325 451 1412 ςςχήσομαι.
466 1324 799 1409 ἔτυχενέκπλεουσῶν
807 1320 952 1408 τριήρων
961 1324 1016 1390 καὶ
1021 1322 1163 1410 βοήθεια
1171 1320 1255 1408 άπο-

302 1426 502 1510 στελλομέυη
520 1421 574 1490 διά
593 1421 723 1507 τάχους.
745 1420 848 1507 σαεόη
866 1413 930 1489 οὖν
946 1424 983 1488 ἐν
999 1429 1045 1512 τῷ
1057 1428 1182 1512 νεωρίῳ
1194 1419 1255 1508 οόχ

301 1521 428 1611 ὑπῆρχε
449 1536 519 1602 ταῖς
539 1523 676 1606 ναυσὶν,
701 1514 776 1588 ἀλλ’
797 1523 924 1606 ἔχοντες
939 1523 974 1588 οί
987 1517 1176 1606 ὀφείλοντες
1192 1518 1255 1589 οόκ

302 1622 520 1691 ἀπεδίδοσαν·
543 1621 625 1706 πρὸς
637 1619 672 1688 δὲ
683 1617 814 1697 τούτοις
824 1615 898 1686 οόδ’
911 1622 948 1687 ἐν
959 1626 1004 1706 τῷ
1016 1627 1167 1704 Πειραιεῖ
1173 1618 1254 1690 ὄντα

302 1722 442 1807 όίφθονα
463 1717 588 1788 ὀθόνιιί
604 1721 659 1787 καὶ
675 1733 836 1786 στυππεῖα
853 1720 907 1787 καὶ
923 1725 1065 1806 σχοινία,
1088 1713 1136 1799 οἷς
1152 1745 1255 1787 κατα-

302 1820 494 1900 σκευάζεται
505 1818 654 1905 τριήρης,
670 1817 753 1886 ὥστε
763 1825 933 1901 πρίασθαι.
963 1819 1085 1906 γράφει
1096 1811 1160 1886 οόν
1169 1827 1254 1886 Χαι-

304 1923 446 2006 ρίδημος
462 1918 501 1995 ,τό
519 1917 672 2004 ψήφισμα
689 1918 797 2002 τουτὶ,
818 1921 875 1985 ἵνα
891 1923 1078 2005 εἰσπραχθῇ
1091 1914 1132 1985 τὰ
1149 1916 1253 2001 σκεόη

302 2032 374 2096 ταῖς
385 2020 482 2083 ναυσὶ
492 2019 547 2084 καί
558 2024 628 2106 σῷα
639 2017 771 2102 γίνηται
781 2024 823 2105 τῇ
830 2017 933 2086 πόλει.
950 2024 1009 2086 καί
1013 2043 1070 2105 μοι
1079 2014 1254 2103 άνάγυωθι

303 2116 341 2184 τὸ
353 2116 516 2204 ψήφισμα.
1054 2111 1059 2120 ’

667 2221 899 2283 ΨΗΦΙΣΜΑ.

257 2338 293 2391 21
391 2313 519 2381 Τούτου
536 2320 652 2380 τοίνυν
669 2320 731 2381 τοῦ
747 2322 955 2399 ψηφίσματος
972 2315 1211 2398 γεγενημένου,
1231 2309 1252 2396 ἡ

301 2411 364 2499 μὲν
380 2408 463 2498 ὀρχη
482 2411 692 2496 ἐπεκλήρωσε
709 2414 765 2478 καὶ
782 2415 953 2495 παρέδωκε
970 2407 1048 2488 τοός
1059 2406 1254 2495 ὀφείλοντας

300 2509 342 2579 τά
361 2511 463 2595 σκεόη
479 2517 521 2598 τῇ
530 2510 640 2593 πόλει,
665 2514 699 2577 οί
709 2510 823 2578 δὲτωυ
833 2515 982 2594 νεωρίων
991 2510 1175 2594 ἐπιμεληταὶ
1185 2519 1254 2586 τοῖς

300 2610 510 2696 τριηράρχοις
526 2623 594 2689 τοῖς
610 2612 783 2678 ἐκπλέουσι
799 2607 874 2676 τότε
891 2610 946 2676 καὶ
962 2621 1030 2687 τοῖς
1050 2610 1254 2693 ἐπιμεληταῖς
1283 2683 1286 2690 Ι

301 2723 372 2788 τοῖς
382 2712 419 2777 ἐν
429 2722 499 2787 ταῖς
510 2715 715 2795 συμμορίαις.
752 2704 770 2777 ὁ
783 2707 818 2775 δὲ
829 2705 930 2793 νόμος
940 2704 958 2775 ό
970 2714 1032 2774 τοῦ
1041 2705 1253 2791 Περιάνδρου

270 2817 273 2821 ’
291 2808 464 2903 ’ἠνάγκαζε
481 2811 538 2878 καὶ
547 2810 743 2896 προσέταττε
755 2814 960 2894 παραλαβεῖν
970 2803 1048 2884 τοὺς
1059 2801 1255 2891 ὀφείλοντας

301 2905 343 2976 τά
356 2909 458 2995 σκεύη
466 2959 482 2994 ,⁴
492 2907 576 2976 καθ’
586 2904 627 2975 όν
639 2911 675 2976 αί
684 2913 863 2994 συμμορίαι
873 2905 1135 2993 συνετάχθησαν.
1170 2899 1254 2987 πρός

302 3009 339 3078 δὲ
350 3007 599 3093 τοότοιςὲτερον
606 3006 759 3094 ψήφισμα
766 3003 1042 3094 δήμουήνάμκαζε
1054 3001 1090 3072 τό
1099 3000 1182 3089 πρὸς
1194 3002 1254 3088 με’-

302 3134 360 3191 ρος
377 3104 457 3194 ἡμῖν
474 3107 604 3177 διδόναι
621 3115 690 3175 των
707 3103 911 3192 ὀφειλόντων
926 3105 1067 3172 ἕκαστον
1078 3099 1254 3186 εἰσπράξα-

257 3217 393 3287 ςοσδαι.
426 3211 544 3292 ἔτυχον
560 3203 600 3293 δὴ
618 3203 681 3291 ἐγω
700 3204 760 3292 μὲν
778 3210 987 3291 τριηραρχῶν
998 3203 1052 3270 καὶ
1061 3196 1253 3287 ἐπιμελητὴς

304 3303 353 3374 σόν
368 3313 427 3392 τῆς
444 3314 642 3392 συμμορίας,
665 3304 865 3392 Δημοχάρης
880 3304 916 3371 δὲ
933 3298 1143 3379 ὁΠαιανιεός
1160 3301 1197 3367 ἐν
1211 3306 1253 3386 τῇ

303 3415 472 3494 συμμορίᾳ
490 3401 539 3472 όν
558 3407 612 3473 καλ
627 3401 773 3491 ὀφείλων
789 3410 830 3490 τῇ
847 3403 941 3471 πόλει
957 3397 1058 3486 οκεόη
1076 3395 1155 3485 μετὰ
1168 3405 1252 3466 Θεο-

305 3505 420 3591 φήμου
430 3507 575 3589 τουτουὶ,
587 3505 847 3590 συντριήραρχος
859 3498 1045 3586 γενόμενος.
1068 3497 1253 3586 γεγραμμέ-

305 3630 386 3682 νους
403 3595 466 3672 οὖν
482 3602 605 3682 αότοὺς
620 3601 829 3691 άμφοτίρους
845 3605 882 3666 ἐν
897 3605 936 3686 τῇ
948 3597 1049 3687 στήλη
1059 3595 1252 3682 ὀφείλοντας

304 3699 345 3770 τά
356 3702 458 3787 σκεάη
469 3709 509 3790 τῇ
520 3699 644 3788 πόλειὴ
655 3697 738 3786 άρχὴ
750 3703 990 3784 παραλαβοῦσα
1000 3693 1089 3779 παρὰ
1100 3703 1157 3781 τῆς
1168 3705 1253 3776 προ·
