3159 4409
544 483 686 545 ΠΡΟΣ
703 482 1002 546 ΑΕΩΧΛΡΗΝ.
1168 571 1176 586 -.
1206 485 1249 554 57

299 637 462 727 πρότερον
479 643 515 710 δέ
525 642 586 729 μή,
609 650 706 712 τοῦτο
718 642 779 730 μὲν
791 646 994 731 ἐπείσθησαν
1005 643 1046 713 οὐ
1058 643 1101 713 δι’
1114 644 1247 735 αὐτοὺς,
1271 719 1275 729 .,

299 736 381 806 ἄλλά
394 743 447 807 διά
458 739 537 820 τούς
548 742 688 828 νόμους·
706 740 818 810 δεινὰν
830 741 895 829 γάρ
907 743 1014 812 ἐδόκει
1022 743 1106 812 εἶναι
1114 744 1174 813 τόν
1184 770 1248 813 πα-

299 840 609 928 ρακαταβεβληκότα
626 851 687 910 τοῦ
704 843 831 928 κλήρου
843 849 999 910 εἰσποιεῖν
1010 839 1113 912 αὑτὸν
1123 849 1169 914 ἔτι
1180 855 1247 914 τῶν

299 941 500 1024 πραγμάτων
519 941 662 1025 ἀκρίτων
679 940 802 1010 ὅντων·
823 939 844 1008 δ
861 945 896 1009 δὲ
908 939 989 1027 μετά
1000 949 1104 1009 ταῦτα
1117 947 1248 1012 διοικεῖ-

298 1061 351 1102 ται
369 1039 583 1124 Λεώστρατος
610 1037 740 1126 οὑτοσὶ,
769 1047 868 1107 τουτο
899 1038 1034 1107 πάντων
1058 1039 1248 1109 δεινότατόν

253 1136 395 1206 λιέστιν.
429 1136 539 1223 ἐπειδὴ
557 1136 622 1225 γάρ
633 1135 734 1216 αὐτὸς
744 1134 949 1222 ἀπετύγχανε
959 1144 1020 1204 τοῦ
1031 1142 1247 1225 ἐγγραφῆναι,

299 1235 618 1323 είσποιεῑΛεωχάρην
628 1235 689 1304 τὸν
700 1233 805 1304 αὑτοῦ
816 1233 1052 1323 υίόνἈρχιάδη
1064 1235 1152 1319 παρά
1162 1237 1249 1304 πάν-

297 1359 355 1412 τας
372 1332 451 1414 τοίις
470 1335 609 1422 νόμους,
631 1337 710 1420 πρίν
720 1343 781 1403 τοῦ
794 1335 903 1422 δήμου
912 1331 975 1420 την
987 1338 1182 1420 δοκιμασίαν
1192 1360 1249 1421 γε-

297 1438 425 1500 νέσθαι.
458 1432 520 1501 οὐκ
539 1437 736 1521 εἰσηγμένου
753 1428 783 1500 δ’
806 1440 851 1512 είς
861 1433 939 1512 τοὺς
950 1430 1116 1518 φράτεράς
1125 1457 1176 1500 πω
1187 1439 1248 1500 τοῦ

257 1574 265 1581 =
294 1529 484 1617 Ἀρχιάδου,
507 1530 578 1601 ἀλλ’
600 1531 711 1618 ἐπειδὴ
731 1532 915 1618 ἐνεγράφη,
938 1540 1119 1617 τηνικαῦτα
1135 1538 1248 1612 πείσας
1314 1580 1320 1596 ,

296 1632 358 1697 ἕνα
374 1631 448 1699 τινά
465 1641 533 1700 των
550 1635 726 1718 φρατέρων
743 1633 924 1717 ἐνέγραψεν
942 1636 986 1708 είς
998 1627 1035 1697 τὸ
1047 1631 1248 1716 φρατερικὸν

250 1744 528 1815 ρηγραμματείον.
557 1733 613 1799 καὶ
623 1728 704 1817 μετά
714 1738 818 1798 ταῦτα
829 1739 870 1818 τῇ
879 1734 1096 1818 διαμαρτυρία
1108 1728 1191 1816 πρὸς
1201 1735 1248 1822 τῷ
1256 1743 1324 1798 1093

295 1827 434 1912 άρχοντι
450 1837 571 1897 τοῦτον
587 1827 833 1916 άπαγράφεται,
856 1826 899 1909 ὡς
915 1828 992 1898 υίδν
1009 1829 1090 1899 ὄντα
1108 1830 1246 1916 γνήσιον

295 1932 356 1993 τοῦ
373 1928 639 2013 τετελευτηκότος
652 1933 707 2014 ἔτη
719 1927 825 1997 πολλά
836 1924 897 1996 τὸν
907 1927 1025 2014 πρώην
1035 1930 1090 1996 καί
1100 1930 1180 2014 χθὲς
1191 1931 1246 2012 έγ-
1263 1926 1269 1933 ’

295 2027 472 2110 γραφέντα.
495 2051 550 2093 και
539 2025 764 2114 συμβαινει
745 2031 954 2113 ααφοτερους
964 2052 1087 2105 αυτους
1099 2053 1155 2112 της
1166 2033 1247 2112 κλη

296 2129 452 2208 ρονομίας
471 2120 738 2212 άμφισβητείν·’
724 2125 745 2194 o'
764 2152 800 2193 τε
816 2123 881 2211 γάρ
896 2126 1112 2247 Λεώστρατος
1134 2123 1246 2193 οὑτοσὶ

295 2224 543 2308 παρακατέβαλε
554 2249 614 2291 του
602 2224 787 2311 κλήρου’
764 2251 808 2303 ως
819 2223 891 2303 υίὸς
899 2225 1035 2311 γνήσιος
1045 2220 1246 2312 Ἀρχιάδη,ο

295 2343 330 2385 τε
338 2321 515 2406 Αεωχαρη,
526 2318 638 2390 οὑτοσὶ
649 2320 987 2409 διαμεμαρτύρηκεν
964 2349 1008 2400 ως
1019 2319 1130 2401 υίὸς’“
1103 2350 1152 2390 ων
1162 2322 1245 2407 γνή·

250 2438 364 2495 43σιος
385 2425 446 2486 τοῦ
467 2416 571 2486 αὐτοῦ
594 2417 733 2505 πατρὸς,
757 2418 929 2505 ουδετερος
950 2417 981 2484 δ
1007 2416 1118 2484 αὐτων
1140 2424 1244 2501 ζῶντι,

295 2512 378 2584 ἀλλὰ
396 2518 641 2604 τετελευτηκότι
658 2526 797 2588 είσποιεῑ
811 2515 924 2584 αὑτόν.
956 2513 1049 2603 ἡμεῖς
1065 2514 1096 2582 δ’
1110 2513 1244 2605 ᾠόμεθα

294 2617 375 2698 δεῖν,
388 2608 543 2699 ὦάνδρες
554 2619 712 2701 δικασταὶ,
724 2616 859 2686 ἐπειδάν
868 2618 942 2703 περὶ
952 2615 1074 2683 τούτου
1085 2622 1145 2694 τοῦ
1156 2613 1245 2699 άγῶ-

293 2738 352 2791 νος
363 2710 455 2799 υμεῖς
465 2742 526 2802 την
536 2724 653 2836 ψῆφον
662 2719 830 2803 ἐνέγκητε,
846 2722 1025 2842 τηνικαῦτα
1036 2717 1072 2782 ἐκ
1084 2720 1151 2780 τῶν
1161 2713 1244 2780 κατά

292 2838 390 2897 γενος
401 2839 567 2900 εγγυτατω
577 2842 673 2901 ημων
682 2819 887 2884 είσποιειν
850 2840 927 2883 υιον
935 2841 980 2906 τω
966 2813 1243 2899 τετελευτηκοτι,

292 2908 383 2989 ὅπως
395 2938 438 2979 αν
449 2910 466 2980 ὁ
479 2911 568 2992 οἶκος
578 2911 622 2999 μὴ
635 2917 837 3002 ἐξερημωδη.

247 3036 284 3090 44
376 3017 517 3094 Πρωτον
527 3005 641 3098 μὲν
599 3039 678 3097 ουν,
697 3040 723 3081 ω
711 3007 855 3096 ἄνδρες
866 3009 1067 3098 δικασταί,’
1043 3038 1087 3089 ως
1099 3013 1243 3094 ἐπανηλ-
1259 3036 1261 3038 ’

291 3117 358 3175 θεν
374 3114 420 3186 είς
430 3134 508 3188 τους
516 3110 733 3190 Ελευσιυίους
743 3115 779 3178 ἐκ
791 3119 861 3179 τῶν
870 3109 1056 3198 Οτρυνέων
1064 3109 1241 3195 Λεώστρα-

290 3231 347 3284 τος
368 3204 481 3276 οὑτοσὶ
501 3207 733 3293 έγκαταλιπάν»
746 3207 823 3278 υίόν
844 3217 892 3297 τῷ
912 3207 1063 3294 Ἀρχιάδῃ
1090 3207 1242 3294 γνήσιον,
1345 3210 1348 3217 ’

291 3308 348 3372 καλ
359 3304 410 3373 ὅτι
420 3303 438 3375 ὁ
450 3305 556 3393 πατὴρ
569 3305 675 3375 αὐτοῦ
686 3313 733 3376 ἔτι
742 3309 906 3393 πρότερον
916 3304 953 3374 τό
968 3304 1049 3373 αὐτὸ
1061 3306 1151 3375 τοῦτ’
1165 3310 1244 3375 έπε-

293 3405 440 3490 πονηκει,
462 3410 517 3473 καλ
534 3403 579 3486 ὥς
595 3403 613 3475 ὁ
631 3408 902 3493 ἐγκαταλειφθεὶς
915 3404 1013 3485 άπαις
1023 3406 1242 3493 τετελεύτηκε,

292 3506 349 3586 καί
367 3501 411 3582 ὡς
427 3508 445 3571 ὁ
463 3512 528 3572 νῦν
539 3503 851 3593 διαμεμαρτυρηκεδς
862 3505 1025 3589 πρότερον
1037 3511 1082 3584 είς
1092 3504 1171 3584 τούς
1183 3509 1243 3588 δη-

292 3598 426 3688 μόταςιῖ
437 3602 482 3680 είς
493 3600 571 3682 τούς
582 3603 747 3689 φράτερας
759 3600 941 3687 ἐνεγράφη,
955 3601 1083 3670 τούτων
1094 3599 1174 3686 ὑμῖν
1184 3597 1243 3676 τάς

292 3708 361 3768 τῶν
377 3705 552 3787 φρατέρων
568 3705 623 3770 καλ
639 3700 697 3780 τάς
713 3710 781 3769 τῶν
799 3705 951 3787 δημοτῶν
967 3705 1147 3788 μαρτυρίας
1158 3694 1242 3764 ιἰνα-
