3159 4409
529 483 672 557 ΚΑΤΑ
692 481 1045 555 ΣΤΕΦΑΝΟῬΑ.
1137 501 1148 508 ·
1216 484 1259 549 85

307 646 446 730 ταύτας,
470 643 554 713 ἀλλά
572 646 730 729 λέγεικαὶ
746 649 908 728 λογιζεται
923 642 1108 729 τδπλῆθος
1125 636 1175 713 όν
1192 644 1256 732 ἐγω

264 771 299 829 ηρ
306 745 486 832 χρημάτων
503 749 574 830 ἔχω.
608 743 663 810 καὶ
679 740 743 827 γάρ
762 749 861 810 τοῦτο
879 740 1093 811 ἀτοπώτατον
1110 744 1255 813 πάντων.

309 836 360 913 οἷν
370 842 432 928 μὲν
443 839 663 927 ἀπεστέρηκεν
675 837 760 928 ἡμᾶς
765 842 953 928 χρημάτων,
961 839 1092 910 οὐδέπω
1099 842 1259 929 καλτήμε-

309 968 371 1030 ρον
382 938 548 1028 ἠθέλησεν
558 937 717 1026 ὑποσχεῖν
727 937 788 1009 τόν
797 941 916 1027 λόγον,
933 938 1017 1010 ἀλλά
1028 939 1073 1027 μη
1087 946 1260 1027 εἰσαγωγί-

309 1065 393 1126 μους
406 1039 490 1108 είναι
501 1038 559 1118 τάς
571 1045 664 1118 δίκας
673 1041 940 1126 παραγράφεται·
961 1037 984 1109 ἀ
1001 1041 1037 1110 δλ
1047 1046 1115 1109 τῶν
1126 1039 1260 1130 πατρῴ-

311 1165 359 1206 ων
371 1139 552 1225 ἐνειμάμην
563 1137 645 1224 ἐγω,
657 1146 760 1209 ταῦτα
771 1145 939 1224 λογίζεται.
973 1143 1029 1210 καὶ
1039 1138 1118 1220 τοὺς
1128 1143 1190 1227 μὲν
1199 1139 1261 1209 ἀλ·

311 1245 390 1315 λους
408 1235 452 1304 ἀν
467 1261 516 1316 τις
533 1241 600 1305 ῖδοι
616 1238 696 1316 τούς
707 1241 834 1318 οἰκέτας
851 1237 917 1307 ἀπὸ
929 1247 998 1308 των
1008 1244 1181 1312 δεσποτῶν
1192 1243 1261 1319 ἐξε-

309 1341 523 1421 ταζομένους·
547 1327 646 1414 οὗτος
661 1333 693 1403 δ’
708 1329 753 1403 αὖ
771 1335 971 1407 τούναντίου
987 1340 1048 1406 τὸν
1065 1336 1260 1425 δεσπότηνὸ

309 1439 429 1513 δοῦλος
441 1432 586 1520 ἐξετάζει,
596 1433 641 1513 οἱς
652 1440 734 1522 δῆτα
745 1435 896 1522 πονηρόν
915 1440 971 1507 καὶ
982 1437 1112 1508 ἀσωτον
1134 1441 1171 1509 ἐκ
1182 1437 1264 1509 τοά-

266 1553 377 1608 77τωυ
389 1535 568 1612 ἐπιδείξων.
595 1532 667 1618 ἐγω
680 1533 725 1617 δ’,
740 1527 767 1603 ἀ
785 1534 907 1622 ἀνδρες
915 1534 1103 1624 Ἀθηναῖοι,
1124 1545 1182 1623 τῆς
1199 1539 1261 1623 μὲν

265 1644 268 1651 ‘
309 1632 418 1713 ὅψεως
429 1638 470 1718 τῇ
483 1631 585 1716 φύσει
595 1635 707 1721 καὶτῷ
719 1637 838 1719 ταχέως
853 1641 1000 1722 βαδίζειν
1009 1639 1066 1705 καλ
1076 1645 1190 1706 λαλεῖν
1199 1641 1260 1725 με’-

306 1757 354 1816 γα
373 1727 414 1797 οὐ
431 1737 499 1796 τῶν
516 1727 662 1814 εὐτυχῶς
673 1733 879 1816 ,πεφυκότων
894 1731 1041 1821 ἐμαυτόν
1060 1742 1179 1821 κρίνω·
1209 1733 1258 1822 ἐφ’

222 1809 226 1837 ¹
289 1915 293 1933 Ι
310 1827 361 1909 οἷς
371 1827 435 1915 γάρ
447 1827 548 1897 ου’δὲν
558 1826 790 1917 ὠφελούμενος
807 1841 904 1903 λυποῖ
914 1860 1024 1921 τινας,
1046 1839 1181 1903 ἔλαττον
1197 1838 1260 1921 ἔχω

310 1937 498 2015 πολλαχοῦ·
532 1937 581 2018 τῷ
601 1933 714 2015 με’ντοι
742 1935 873 2019 μέτριος
900 1932 984 2002 κατά
1006 1934 1115 2012 πάσας
1134 1933 1193 2013 τὰς
1214 1938 1261 2013 είς

311 2031 455 2117 ἐμαυτὸν
476 2029 627 2108 δαπάνας
654 2029 737 2098 εἶναι
764 2031 852 2101 πολὺ
879 2033 1003 2101 τούτου
1023 2034 1079 2101 καὶ
1099 2032 1261 2102 τοιούτων
1269 2055 1337 2109 1125

268 2143 304 2201 78
312 2132 434 2215 ἑτέρων
449 2125 688 2213 εὐτακτότερον
701 2126 827 2210 ζῶνάν
844 2137 994 2217 φανείην.
1026 2129 1067 2199 τά
1086 2128 1119 2198 δ’
1138 2137 1184 2210 είς
1200 2129 1262 2215 τὴν

312 2231 411 2299 πόλιν
422 2233 477 2298 καλ
488 2228 551 2298 ὅσα
563 2234 609 2307 είς
621 2226 724 2314 ἀμάς,
743 2226 788 2308 ὥς
801 2229 946 2316 δύναμαι
962 2227 1194 2314 λαμπρότατα,
1218 2224 1263 2307 ὡς

313 2327 405 2416 ὑμεῖς
422 2329 693 2414 σάνιστε,,ποιῶ·
727 2325 770 2394 οὐ
789 2327 855 2414 γάρ
873 2328 987 2413 ἀγνοῶ
1001 2325 1108 2410 τοῦθ’,
1127 2326 1180 2396 ὅτι
1196 2341 1264 2405 τοῖς

314 2428 375 2514 μὲν
384 2431 474 2514 γένει
484 2433 633 2504 πολίταις
644 2423 724 2511 ὑμῖν
736 2425 855 2493 ίκαυόν
866 2428 934 2492 ἐστι
949 2433 1154 2510 λειτουργεῖν
1171 2421 1215 2502 ὥς
1232 2427 1266 2492 ολ

313 2527 412 2614 νόμοι
423 2525 676 2612 προστάττουσι,
687 2523 765 2602 τούς
776 2524 812 2592 δὲ
819 2521 976 2610 ποιητοὺς
986 2521 1081 2609 ἡμᾶς,
1095 2519 1265 2601 ὦςάποδι-

314 2626 436 2703 δόντας
446 2624 554 2710 χάριν,
566 2621 656 2691 οὕτω
668 2623 827 2709 προσήκει
837 2629 1018 2709 φαίνεσθαι
1028 2630 1265 2708 λειτουργοῦν-

313 2750 380 2804 τας.
404 2723 449 2811 μῆ
462 2715 525 2791 οὖν
535 2750 592 2810 μοι
602 2720 689 2791 ταῦτ’
703 2721 839 2803 ὀνείδιζε
868 2720 918 2808 ἐφ’
931 2717 1129 2802 οίςέπαίνου
1139 2718 1263 2807 τύχοιμ’

270 2843 306 2899 79
314 2819 358 2891 ἀν
371 2826 514 2906 δικαίως,
526 2820 609 2891 ἀλλά
620 2829 704 2906 τίνα,
717 2814 744 2890 ά
755 2827 930 2909 Φορμίων,
943 2829 1012 2890 τεόν
1022 2828 1166 2890 πολιτῶν
1177 2821 1265 2888 ἑται-

266 2990 269 2995 .
314 2936 403 3010 ρεῖν,
418 2920 593 3009 άσπερσδ,
605 2928 833 3009 μεμίσθωμαι;
858 2925 976 3002 δεῖξον.
1010 2927 1085 2989 τίνα
1095 2927 1153 3005 της
1164 2917 1265 2986 πόλε-

314 3049 375 3106 ως,
399 3014 438 3110 ἧς
460 3019 559 3100 αάτὸς
576 3020 741 3108 ἠξιώθην,
762 3024 818 3089 καὶ
832 3024 952 3108 ,τῆςὲν
974 3017 1059 3106 αὐτῇ
1081 3023 1266 3105 παρρησίας

313 3120 537 3206 ἀπεστέρηκα,
555 3118 667 3202 άσπερ
684 3118 727 3187 σύ
743 3127 865 3189 τοῦτον
876 3117 918 3187 δν
933 3118 1155 3208 κατῄσχυνας;
1176 3124 1266 3196 τίνος

314 3233 459 3307 γυναῖκα
476 3220 681 3305 διέφθαρκα,
704 3216 815 3302 ὥσπερ
838 3217 882 3288 σά
901 3216 984 3304 πρὸς
1001 3224 1136 3294 πολλαῖς
1152 3216 1266 3294 άλλαις

314 3320 451 3405 ταύτην,
464 3309 488 3404 ᾗ
499 3315 536 3385 τό
549 3326 661 3405 μνῆμα
672 3315 887 3408 ᾠκοδόμησεν
903 3313 1026 3393 ὁθεοῖς
1037 3312 1156 3401 ἐχθρὰς
1167 3307 1266 3393 οὖτος

315 3426 459 3507 πλησίον
468 3424 530 3486 τοῦ
540 3425 598 3504 τῆς
609 3422 794 3504 δεσποίνης,
806 3412 985 3502 ἀνηλωκώς
996 3417 1099 3483 πλέον
1108 3409 1131 3501 ἦ
1141 3413 1266 3482 τάλαν-

315 3546 356 3587 τα
368 3519 448 3598 δάο;
469 3519 524 3586 καὶ
536 3516 598 3585 οάκ
608 3515 776 3606 ᾐσθάνετο
788 3515 840 3583 ὅτι
850 3513 924 3600 οάχλ
934 3521 995 3582 τοῦ
1005 3513 1116 3599 τάφου
1126 3522 1266 3599 μνημεῖ-

316 3645 357 3687 ον
368 3615 504 3687 ἔσταιτὸ
521 3608 956 3704 οίκοδόμηματοιοῦτουάν,
977 3609 1060 3681 ἀλλά
1070 3619 1128 3698 της
1139 3606 1266 3685 ἀδικίας

271 3709 356 3806 ὃοῆς
367 3716 545 3804 τὰνάνδρα
555 3715 713 3805 ἠδίκηκεν
722 3719 830 3800 ἐκείνη
843 3710 897 3783 διά
908 3719 1038 3784 τοῦτον.
1068 3708 1137 3781 εἶτα
1148 3711 1265 3773 τοιαυ-
