3159 4409
508 519 649 581 ΠΡΟΣ
667 519 1025 603 ΕΤΒΟΊῘΔΙΔΗΝ.
1178 519 1241 593 245

295 702 366 748 σετε
378 678 611 763 τιτθευούσας,
624 675 663 756 δὶς
673 674 753 764 ύμῖυ
763 679 818 745 καὶ
828 675 897 744 κατ’
910 676 1031 766 όνομα,
1050 682 1109 750 ἐάν
1118 683 1242 770 βούλη-

294 789 374 864 σθε,
386 781 535 862 ἐροῦμεν.
560 781 590 844 εἰ
599 777 637 842 δέ
644 801 682 860 με
693 775 847 844 πλούσιοι
857 768 958 862 ἦμεν,
971 775 1039 845 οὔτ’
1050 774 1094 846 άν
1104 780 1161 858 τάς
1170 808 1241 849 ται-

293 883 366 954 νίας
384 879 576 958 ἐπωλοῦμεν
593 871 666 940 οὔτ’
682 869 726 941 άν
742 871 828 953 ὅλως
843 868 928 960 ἦμεν
948 872 1076 963 άποροι.
1109 877 1191 947 άλλδι
1211 887 1245 947 τί

248 1003 282 1057 35
291 982 396 1043 ταῦτα
407 985 561 1041 κοινωνεῖ
570 979 615 1062 τῷ
626 975 728 1056 γένεα
751 970 815 1057 ἐμω
826 972 886 1059 μὲν
898 972 998 1042 οὐδέν
1009 974 1107 1062 οἶμαι.
1137 982 1243 1063 μηδα-

292 1081 372 1161 μῶς,
388 1065 414 1141 ά
426 1071 544 1156 άνδρες
555 1073 721 1157 δικασταὶ,
733 1070 813 1152 τούς
824 1075 964 1160 πένητας
977 1073 1144 1162 ἀτιμάζετε
1156 1082 1243 1160 (ἐκα-

292 1170 355 1242 νόν
366 1169 430 1257 γάρ
449 1169 559 1249 αύτοϊς
575 1168 611 1238 τὸ
630 1173 789 1239 πένεσθαι
800 1171 935 1258 κακόν),
956 1180 1042 1260 μηδέ
1049 1201 1087 1261 με
1098 1177 1241 1263 τούςέρ-

291 1271 449 1359 μάζεσθαι
459 1272 514 1338 καὶ
529 1275 587 1355 ζῆν
598 1272 634 1337 ἐκ
644 1278 706 1338 τοῦ
716 1273 846 1339 δικαίου
856 1279 1155 1360 προαιρουμένους·
1173 1271 1241 1342 ἀλλ’

294 1371 512 1455 άκούσαντες,
532 1366 591 1436 ἐάν
601 1366 681 1456 ὑμῖν
694 1369 890 1437 ἐπιδεικνύω
901 1377 959 1456 τῆς
969 1371 1092 1457 μητρός
1103 1371 1181 1450 τούς
1192 1381 1243 1440 ολ-

293 1477 402 1549 κείους
414 1473 503 1547 οἴους
516 1475 683 1554 προσῆκεν
694 1465 778 1535 εἶναι
789 1466 981 1554 άυθρύποις
991 1471 1195 1556 ἐλευθέροις,
1222 1466 1244 1536 δ’
1252 1484 1318 1539 1310

294 1561 392 1648 οὗτος
412 1575 614 1635 καταιτιᾶται
634 1567 709 1652 περὶ
731 1563 849 1652 αὐτῆς,
872 1566 993 1646 ταύτας
1012 1565 1070 1646 τάς
1087 1565 1242 1655 διαβολάς

293 1668 551 1751 ἐξομνυμένους,
574 1666 629 1731 καὶ
644 1671 896 1750 μαρτυροῦντας
907 1662 1012 1752 αύτην
1022 1662 1127 1752 άστὴν
1137 1659 1242 1734 οὖσαν

295 1768 432 1848 εἰδέναι,
445 1763 503 1841 ούς
514 1759 608 1849 ὑμεῖςι
616 1763 737 1850 φήσετε
749 1760 997 1849 πιστούς-εἷναι,
1020 1768 1151 1832 δικαίαν
1162 1762 1242 1851 ἡμῖν

248 1878 281 1933 37
292 1867 400 1932 θέσθε
410 1860 471 1949 τὴν
481 1870 600 1948 ψῆφον.
614 1864 685 1947 έμολ
696 1860 758 1949 γάρ
769 1854 814 1948 ἦν
824 1861 966 1948 πάππος,
978 1855 1006 1929 ύ
1016 1861 1135 1949 ἄνδρες
1143 1861 1243 1949 Ἀθη-

294 1977 391 2048 ναῖοι,
406 1969 462 2049 τῆς
472 1959 593 2048 μητρός
601 1958 718 2048 πατὴρ,
731 1961 968 2048 Δαμόστρατος
979 1962 1150 2041 Μελιτεύς.
1162 1961 1243 2029 τού-

295 2088 339 2151 τῳ
356 2070 524 2146 γίγνονται
540 2062 689 2144 τέτταρες
709 2065 837 2144 παῖδες,
865 2063 901 2130 έκ
918 2059 979 2147 μὲν
994 2051 1034 2146 ἧς
1051 2058 1088 2129 τό
1110 2068 1243 2144 πρῶτον

295 2167 367 2246 ἔσχε
384 2157 540 2244 γυναικός
555 2158 707 2246 θυγάτηρ
725 2163 780 2228 καὶ
796 2157 868 2237 υίὸς
890 2151 918 2249 ᾦ
935 2157 1041 2245 ὄνομα
1059 2159 1241 2246 Ἀμυθέων,

296 2263 332 2327 ἐκ
344 2258 379 2327 δὲ
391 2267 448 2346 τῆς
459 2257 600 2344 ὕστερον
611 2257 853 2343 Χαιρεστράτης
863 2254 883 2342 ἡ
894 2257 999 2342 μήτηρ
1010 2255 1031 2342 ἡ
1043 2258 1102 2343 ε’μη
1115 2259 1170 2324 καὶ
1185 2264 1242 2324 Τι-
1298 2341 1306 2349 .

295 2357 469 2445 μοκράτης.
501 2357 630 2434 τούτοις
642 2357 676 2422 δὲ
687 2362 859 2440 γίγνονται
870 2359 997 2440 παῖδες,
1018 2363 1065 2442 τῷ
1075 2358 1135 2439 μὲν
1143 2353 1242 2439 Ἀμυ-
1308 2344 1311 2349 ’

295 2458 399 2524 θέωνι
415 2454 668 2542 Δαμόστρατος,
690 2459 751 2519 τοῦ
769 2452 908 2519 πάππου
923 2449 1054 2535 τοῦνομ’
1069 2455 1167 2536 ἔχων,
1189 2451 1243 2517 καὶ

296 2563 540 2639 Καλλίστρατος
551 2555 606 2621 καὶ
616 2555 783 2632 Δεξόθεος.
809 2551 865 2617 καὶ
876 2546 894 2616 ὁ
906 2548 965 2635 μέν
974 2546 1147 2635 Ἀμυθέων
1158 2544 1175 2615 ό
1188 2554 1245 2633 τῆς

296 2653 416 2742 μητρός
433 2651 576 2739 άδελφὸς
597 2657 666 2719 τῦυ
681 2653 719 2718 ἐν
729 2654 866 2737 Σικελία
878 2651 1176 2734 στρατευσαμένων
1187 2646 1244 2714 καὶ

295 2754 561 2841 τελευτησάντων
582 2752 666 2836 ἐστὶ,
689 2752 743 2818 καὶ
763 2751 923 2816 τέθαπται
940 2751 977 2816 έν
994 2762 1061 2825 τοῖς
1077 2750 1244 2833 δημοσίοις
1343 2814 1347 2825 ,

251 2853 453 2941 σεμνήμασι·
476 2855 644 2921 καὶταῦτα
661 2849 913 2936 μαρτυρήσεται.
945 2844 1029 2934 τῇδ’
1043 2843 1172 2931 ἀδελφῇ
1182 2840 1245 2911 αύ-
1306 2897 1309 2900 Α

296 2960 357 3019 τοῦ
368 2952 590 3040 συνοικησάσῃ
600 2949 762 3038 Διοδώρῳ
778 2946 904 3015 Ἀλαιεῐ
916 2945 989 3024 υέδς
999 2950 1145 3030 γίγνεται
1155 2949 1246 3027 Κτη-
1273 3017 1275 3020 .

296 3057 409 3138 σίβιος.
452 3052 507 3118 καὶ
527 3042 625 3128 οὗτος
648 3047 709 3135 μὲν
730 3046 940 3133 ἐτελεύτησεν
962 3046 998 3112 ἐν
1017 3041 1145 3130 Ἀβύδῳ
1166 3036 1246 3126 μετά

301 3147 829 3237 Θρασυβούλουστρατευόμενος,
852 3151 889 3233 ζῇ
908 3143 944 3212 δέ
959 3140 1088 3217 τούτων
1099 3137 1116 3207 ὁ
1128 3137 1246 3224 Δαμό-

296 3272 435 3333 στρατος
445 3246 463 3316 ὁ
475 3249 538 3316 τοῦ
546 3245 769 3333 Ἀμυθέωνος,
779 3252 838 3332 τῆς
846 3241 969 3329 μητρός
980 3237 1178 3324 ἀδελφιδοῦς
1188 3244 1246 3323 τῆς

297 3353 383 3437 ἐμῆς.
416 3355 473 3436 τῆς
490 3348 526 3417 δὲ
537 3346 779 3434 Χαιρεστράτης
795 3351 853 3430 τῆς
868 3344 947 3426 ἐμῆς
962 3339 1067 3424 τήθης
1076 3336 1138 3423 τήν
1148 3333 1245 3427 α’δελ-

298 3447 367 3536 φὴν
378 3448 540 3535 λαμβάνει
548 3444 792 3529 Ἀπολλόδωρος
803 3438 982 3516 Πλωθεύς
995 3435 1124 3504 τούτων
1134 3443 1245 3523 μίμνε-

295 3573 348 3614 ται
356 3545 566 3633 Ὀλύμπιχος,
586 3552 648 3614 τοῦ
658 3543 688 3613 δ’
699 3535 1168 3628 ὈλυμπίχουἈπολλόδωρος,
1191 3535 1246 3602 καλ

297 3637 449 3732 ούτοςζῇ.
473 3651 531 3712 καί
539 3671 594 3731 μοι
605 3643 699 3711 κάλει
709 3639 840 3716 αύτούς.
864 3732 866 3735 .
