3159 4409
364 475 427 541 τεο
545 471 1123 551 ιια,.κ[ΔτιιτοΣοεαουΣ]

320 652 355 725 37
365 636 427 724 τὴν
437 640 630 722 οἰκοδομίαν
640 631 701 720 τὴν
713 629 818 699 αὑτοῦ
830 645 898 711 τοῖς
907 633 1018 712 ξύλοις
1028 624 1173 715 τούτοιςς
1191 635 1320 716 σκέψα-

365 746 428 804 σθε
440 734 475 803 δὲ
466 731 633 856 κύκεῖνο,
637 730 688 800 ὅτι
699 732 815 800 πολλοὶ
826 734 879 798 καὶ
890 733 1023 818 χρηστοὶ
1032 740 1101 800 τῦν
1110 741 1257 802 πολιτῶν
1267 741 1320 804 οῖ-

365 847 448 917 κεῐοι
463 832 557 912 όντες
572 830 679 921 τούτῳ
699 832 918 918 ἐπεμελοῦντο
935 838 1003 898 τόν
1026 831 1164 919 τούτου,
1188 830 1321 920 ἀποδη-

364 939 508 1018 μοῦντος
519 928 608 1017 παρὰ
620 901 751 1016 βύσιλεῖ
761 931 937 1014 Τιμοθέου.
957 920 1007 995 όν
1016 927 1128 1009 οὐδεὶς
1138 930 1319 1020 τετόλμηκε

310 1084 311 1088 ,
364 1035 572 1116 μαρτυρῆσαι
594 1027 701 1117 τούτῳ
722 1023 745 1114 ῆ
769 1025 813 1106 ὡς
835 1024 897 1096 ούκ
918 1025 1068 1114 ἔλαβεν’
1051 1054 1070 1127 ο
1088 1028 1315 1110 Φιλώνδας
1278 1057 1318 1099 το

365 1134 492 1195 ναῦλον
500 1134 568 1194 τῦυ
578 1094 719 1205 ξύλωύ’
698 1123 763 1194 από
757 1133 833 1248 τῆς
842 1122 1044 1213 τραπέζης,”
1021 1155 1042 1212 η
1055 1119 1100 1206 ὥς
1111 1125 1226 1214 λαβύν
1236 1127 1319 1198 ἀπέ-

365 1231 487 1311 δωκεν,
511 1223 585 1292 οὐδ’
605 1219 650 1292 αύ
667 1252 718 1304 ως
723 1251 835 1292 αυτων
845 1251 894 1304 τις
906 1228 1036 1294 διέλυσε
1046 1252 1083 1293 το
1073 1225 1222 1295 ναῦλον
1232 1223 1319 1312 ῦκδρ

364 1331 433 1393 τόν
445 1315 604 1404 Ιτξύλοιν
578 1349 626 1391 ων
641 1323 765 1410 ἤγαγεν
779 1350 798 1392 ο
788 1321 1001 1409 ’Φιλώνδας
1026 1328 1198 1392 δοθέντων
1207 1351 1318 1415 τουτω

259 1436 262 1444 “
364 1447 432 1511 παρ
438 1419 671 1509 ’Ἀμύντου·”
652 1449 814 1508 ηγουυται
825 1448 890 1509 γαρ
901 1426 975 1510 περὶ
986 1428 1136 1500 πλειουος
1147 1419 1319 1502 αυτοΐςελ-

365 1548 421 1589 υαι
437 1522 532 1590 καλοὶ
542 1520 810 1610 κάγαθοὶ-δοκεῖν
820 1519 905 1588 εἶναι
915 1517 1075 1607 μᾶλλουῆ
1091 1524 1244 1610 Τιμοθέῳ
1255 1549 1318 1608 χα-

320 1653 357 1710 33
367 1619 573 1710 ρίσασθαιιόι
585 1624 691 1706 ψευδῆ
705 1626 958 1706 μαρτυροῦντες.
977 1617 1019 1687 ού
1027 1624 1140 1705 μέντοι
1149 1618 1229 1688 0666
1236 1619 1319 1688 τού·
1373 1612 1374 1616 “

366 1745 427 1787 του
447 1715 480 1803 γ’
504 1723 634 1804 ἔφασαν
654 1728 945 1806 καταμαρτυρῆσαι
964 1714 1009 1786 ἄν
1024 1716 1171 1806 τάληθῆ·
1193 1718 1318 1789 οἰκεῖον

367 1842 430 1902 γαρ
440 1812 648 1894 αυτοιςελυαι
667 1814 878 1885 οπουτοίυυν
885 1819 1259 1907 μηδελςτετολμηκετωυ
1263 1825 1319 1888 οἰ

367 1920 466 1982 κείαν
481 1914 587 2005 τούτω
603 1924 810 2002 μαρτυρῆσαι
826 1918 882 1983 καὶ
897 1919 1139 2002 ἐπιμελομένων
1157 1917 1318 1986 τῶντού-

364 2039 442 2099 του,
465 2012 521 2080 ὅτε
531 2005 745 2100 ἀπεδήμει
701 2040 800 2092 ουτος
809 2036 898 2099 παρα
886 2010 1095 2100 βασιλεῖ,”
1072 2043 1094 2100 η
1109 2012 1153 2094 ὡς
1163 2015 1226 2083 οῦκ
1238 2022 1318 2084 ἔλα-

364 2118 425 2198 βευ
440 2109 692 2233 οΦιλύυδας
659 2138 695 2181 το
712 2120 839 2180 ναῦλον
849 2120 918 2180 τῶν
928 2109 1066 2234 ξύλαυ’
1047 2111 1111 2180 απὸ
1126 2120 1185 2200 τῆς
1194 2114 1318 2200 τραπέ-

364 2205 456 2296 ζης’“
433 2237 453 2295 η
473 2204 517 2288 ῦς
527 2207 641 2277 αύτῦν
651 2237 699 2290 τις
710 2213 854 2294 διέλυσε,
876 2217 947 2289 πῶς
957 2209 1019 2279 ούκ
1031 2209 1118 2289 εἰκός
1128 2210 1318 2298 έστινῦμοῖς

320 2305 520 2396 ςςὴγεῖσθαί
535 2336 574 2395 με
592 2307 721 2397 τάληθῆ
744 2313 868 2394 λέγειν;
891 2312 946 2377 καὶ
968 2311 1036 2431 μὴν
1060 2306 1135 2377 οὐδ’
1152 2309 1262 2379 έκεῖνό
1278 2335 1318 2396 γε

363 2408 535 2496 τολμήσει,
560 2406 604 2488 ύς
621 2408 721 2488 ἄλλος
735 2435 784 2488 τις
802 2409 982 2477 διέλυσε
947 2436 986 2477 το
1003 2418 1130 2477 ναῦλον
1146 2406 1231 2497 ὑπὲρ
1247 2416 1318 2477 τῶν

364 2510 475 2590 ξύλων
499 2503 546 2576 ὦν
569 2506 728 2595 ῆναγενὸ
751 2509 927 2588 Φιλώνδας
955 2504 978 2596 ἢ
1008 2506 1026 2575 ὁ
1051 2509 1158 2595 πατὴρ
1185 2506 1203 2577 6
1229 2509 1317 2595 ἐμός.

364 2607 423 2678 ἐὰν
434 2607 469 2676 δέ
478 2616 677 2694 καταχρῆται
685 2609 839 2700 τῷλόγῳ,
847 2609 976 2690 ύξιούτε
986 2607 1089 2676 αύτὸυ
1097 2613 1151 2676 καὶ
1159 2607 1318 2695 τῆνμαρ-

364 2715 482 2795 τυρίαν
500 2710 731 2794 παρασχέσθαι
750 2705 831 2793 ὑμῖν
849 2716 910 2775 τοῦ
927 2706 1110 2786 ἀποδόντος
1125 2706 1163 2773 τό
1188 2715 1318 2775 ναῦλον

363 2804 448 2891 ὑπὲρ
464 2813 533 2873 τῦυ
550 2805 669 2884 ξύλων.
704 2803 806 2884 αῦτός
822 2805 884 2891 μὲν
895 2803 959 2891 γὰρ
970 2802 1176 2892 ὁμολογεῖται
1189 2803 1319 2893 ιἰποδη-

364 2918 439 2993 μεῖν
449 2900 539 2987 παρὰ
549 2910 696 2990 βασιλεῖ,
719 2902 1032 2990 τόνδέΦιλύνδαν,
1055 2902 1097 2972 δυ
1108 2909 1254 2991 ἔπεμψεν
1264 2906 1319 2973 ἐπὶ

364 3003 404 3072 τῦ
415 3001 497 3083 ξύλα
507 3002 563 3069 καὶ
580 3003 765 3088 συνέστησε
781 3010 829 3092 τῷ
845 3004 944 3087 πατρὶ
960 3011 1006 3095 τῷ
1023 3006 1107 3094 ἐμῷ,
1128 3003 1318 3090 τεθνηκότα

320 3099 986 3188 ςοκατελύμβαυεςῆκωυπαρόβασιλέως.
1005 3100 1187 3188 ύναγκαῖον
1196 3100 1319 3191 δῆτύν

366 3199 477 3271 ἄλλων
489 3203 620 3270 οἰκείων
630 3203 687 3286 καὶ
698 3204 905 3287 ἐπιτηδείων,
924 3199 984 3280 οῦς
994 3201 1180 3282 κατέλειπες
1189 3198 1320 3289 ἄποδη

367 3313 440 3383 μεῖν
467 3303 598 3385 μέλλων
620 3307 914 3386 συνεπιμελεῖσθαι
933 3308 1001 3367 νῦν
1022 3307 1165 3386 σαυτοῦ,
1195 3302 1320 3368 εἰδέναι
1327 3319 1375 3376 119

366 3396 440 3464 τινα
458 3397 541 3467 ὅθεν
557 3397 595 3467 τό
617 3406 745 3467 ναῦλον
761 3404 830 3465 τόν
846 3397 1115 3522 ξύλοιυπρρίσας
1112 3425 1131 3466 ο
1117 3395 1320 3479 Φιλύνδας

366 3521 412 3586 τῳ
398 3497 602 3587 ναυκλήρῳ
614 3500 822 3590 διέλυσεν,εί
791 3495 874 3582 εμῆ
886 3494 951 3584 φῆς
961 3495 1021 3564 τόν
1031 3499 1158 3580 πατέρα
1165 3493 1227 3564 τόν
1236 3495 1320 3584 έμύν

368 3601 527 3715 συστῆσαι
543 3593 650 3685 αὐτῷ,
668 3595 751 3683 μηδὲ
767 3592 931 3683 λαβεῖν
895 3622 957 3665 τον
968 3595 1144 3663 Φιλύυδαυ
1155 3592 1246 3681 παρα
1255 3622 1319 3665 του

320 3719 356 3773 41
365 3719 488 3783 πατρος
497 3719 558 3761 του
545 3692 695 3781 έμου
661 3721 698 3763 το
708 3703 835 3764 ναυλον
843 3719 911 3762 των
920 3694 1037 3774 ξυλων
1054 3699 1239 3782 μαρτυρίαν
1247 3699 1320 3764 τοί-
