3159 4409
381 496 422 562 78
590 501 668 558 XLV.
700 496 1120 571 ΔΗΜΟΣΘΕΝΟῬΣ
1180 592 1182 597 .

380 684 475 746 ρηται
485 660 609 745 λε’γειν,
622 657 700 726 ούτε
711 656 843 738 ψευδεῖς
853 655 1043 741 ἀναγνόντα
1054 661 1237 744 μαρτυρίας
1249 653 1336 726 ἀπο-

380 756 527 842 φεύγειν.
560 753 636 825 ἀλλ’
654 753 835 841 οὐδέτερόν
852 781 891 841 γε
908 761 1038 824 δίκαιον
1053 756 1184 823 τούτων
1199 752 1276 823 οὐδ’
1290 751 1336 823 ἀν

334 869 369 926 49
379 853 425 936 εἷς
436 855 575 943 φήσειεν
586 854 686 943 εἶναι,
705 853 780 924 ἀλλ’
794 852 889 940 δέγιδ
902 863 1132 941 προκαλοῦμαι
1141 861 1216 922 νῦν.
1253 874 1335 923 σκο-

379 968 466 1023 πεῖτε
478 956 514 1023 δὲ
526 952 737 1033 ἀκούσαντες.
760 952 824 1040 ἐγώ
834 952 899 1040 γάρ
911 950 1001 1038 ἀξιῶ,
1013 949 1072 1032 οὓς
1082 955 1144 1039 μὲν
1154 950 1334 1039 ἀφείλοντό

377 1079 417 1139 με
434 1055 586 1139 ἐλέγχους
602 1055 676 1140 περὶ
692 1061 761 1122 ταῖν
778 1052 1009 1140 ἐγκλημάτων,
1034 1048 1094 1130 οδς
1107 1057 1279 1137 προσῆκον
1289 1043 1335 1138 ήν

303 1189 312 1225 >,
378 1155 538 1240 ῥηθῆναι,
551 1150 595 1238 μῆ
608 1157 713 1238 ζητεῖν
724 1150 847 1230 αύτούς
857 1159 938 1238 νύν,
949 1145 1001 1230 αἷς
1012 1149 1048 1217 δὲ
1058 1147 1235 1236 ἀφείλοντο
1246 1175 1344 1236 μαρ-Ι

377 1256 520 1337 τυρίαις,
544 1248 587 1330 ὡς
604 1253 687 1319 είσλυ
705 1248 857 1338 ἀληθεῖς,
880 1251 1062 1318 δεικνύναι.
1092 1247 1165 1317 είδ’
1177 1247 1259 1317 ὅταν
1271 1252 1333 1336 μὲν

376 1348 439 1438 τήν
457 1354 553 1437 δίκην
569 1355 676 1434 είσίω,
696 1348 755 1430 τάς
771 1357 953 1437 μαρτυρίας
963 1376 1003 1436 με
1016 1352 1159 1434 ἐλέγχειν
1169 1346 1334 1429 ἀξιώσου-

377 1468 447 1536 σιν,
460 1447 542 1517 ὅταν
553 1450 589 1517 δὲ
599 1449 734 1528 ταύταις
745 1452 878 1533 ἐπεξίω,
890 1450 966 1535 περὶ
977 1456 1045 1516 των
1057 1452 1089 1528 ἐξ
1100 1445 1203 1534 ἀρχῆς
1212 1452 1333 1536 ἐγκλη-
1352 1505 1358 1509 .

376 1549 490 1634 μάτων
506 1551 614 1634 λε’γειν
629 1573 670 1635 με
686 1550 922 1634 κελεύσουσιν,
945 1547 1023 1615 ούτε
1041 1553 1150 1615 δίκαια
1161 1545 1239 1614 ούτε
1250 1545 1333 1634 ὑμῖν

334 1665 368 1716 50
378 1650 590 1732 συμφέροντα
608 1651 751 1733 ἐροῦσιν.
784 1649 933 1716 δικάσειν
949 1645 1014 1732 γάρ
1032 1645 1228 1733 ὀμωμόκατε
1239 1643 1333 1734 ὑμεῖς

378 1744 419 1813 ού
431 1749 504 1827 περὶ
516 1737 564 1813 άν
575 1742 618 1812 ἀν
629 1743 647 1814 ὁ
659 1746 796 1832 φεύγων
806 1745 902 1832 ἀξιοῖ,
915 1743 988 1815 ἀλλ’
1002 1743 1087 1830 ὑπὲρ
1099 1743 1214 1813 αὐτοῖν
1226 1737 1277 1813 οἷν
1288 1743 1333 1812 ἀν

377 1840 397 1930 ῆ
416 1847 522 1923 δίωξις
538 1837 569 1932 ή.
598 1843 723 1930 ταύτην
740 1843 772 1912 δ’
786 1843 915 1931 ἀνάγκη
927 1853 968 1934 τῆ
981 1852 1043 1912 τοῦ
1053 1845 1232 1924 διώκοντος
1243 1843 1333 1932 λήξει

379 1947 574 2029 δηλοῦσθαι,
585 1939 703 2028 ήνέγά
714 1942 821 2034 τούτῳ
833 1947 1131 2030 ψευδομαρτυριῶν
1142 1953 1263 2031 είληχα.
1285 1941 1331 2031 μή

379 2041 418 2129 δή
435 2039 527 2110 τοῦτ’
546 2040 641 2128 ἀφεῖς
658 2046 732 2126 περὶ
749 2034 798 2110 οἷν
815 2041 877 2110 ούκ
889 2042 1080 2127 ἀγωνίζεται
1091 2046 1227 2129 λεγέτω·
1249 2041 1330 2130 μηδ’
1340 2062 1375 2118 11:

378 2139 469 2228 ὑμεῖς
479 2145 568 2229 ε’ἀτε,
596 2139 639 2210 ἀν
650 2141 716 2227 ἀρα
728 2132 826 2221 οὗτος
838 2139 1053 2230 ἀναισχυντῇ.
1151 2205 1154 2212 .

334 2245 367 2311 51
481 2237 583 2327 Οἶμαι
597 2247 713 2309 τοίνυν
725 2239 831 2309 αύτδυ
842 2240 942 2310 οὐδὲν
952 2236 1223 2327 ούδαμῆδίκαιου
1234 2247 1331 2328 ἔχον-

375 2367 416 2408 τα
435 2341 543 2425 λέγειν
560 2338 650 2426 ήξειυ
668 2342 722 2409 καὶ
738 2343 791 2409 ἐπὶ
808 2348 924 2428 τούτο,
948 2338 994 2421 ἀς
1005 2340 1131 2410 ἀτοπον
1141 2349 1243 2427 ποιῶ,
1263 2365 1331 2408 πα-

377 2437 758 2529 ραγραφήνήττημένος,
776 2439 856 2521 τούς
873 2442 1039 2529 διαθήκην
1055 2439 1332 2527 μαρτυρήσαντας

362 2537 364 2541 ’
377 2539 523 2625 διάκων,
545 2544 601 2607 καὶ
616 2541 696 2620 τούς
708 2538 865 2620 δικαστάς
874 2540 955 2620 τούς
963 2540 1038 2607 τότε
1049 2539 1171 2625 φήσειν
1183 2537 1239 2606 διά
1249 2537 1332 2617 τούς

376 2637 511 2726 ἀφεῖναι
540 2640 831 2726 μεμαρτυρηκότας
856 2639 1135 2725 ἀποψηφίσασθαι
1156 2632 1330 2724 μάλλονή

375 2736 430 2805 διά
441 2741 519 2816 τούς
532 2737 697 2824 διαθήκην
707 2739 992 2825 μαρτυρήσαντας.
1026 2738 1090 2823 ἐγώ
1103 2735 1148 2824 δ’,
1170 2729 1199 2803 ά
1208 2736 1330 2821 ἀνδρες

373 2835 558 2925 Ἀθηναῖοι,
580 2844 700 2924 νομίζω
716 2838 844 2916 πάντας
862 2834 950 2924 ύμάς
960 2838 1082 2906 εἰδέναι
1093 2834 1144 2907 ὅτι
1156 2827 1330 2922 ούχήττον

374 2935 415 3004 τά
436 2939 649 3023 πεπραγμένα
670 2936 811 3005 είύθατε
829 2950 966 3005 σκοπεῖν
982 2932 1005 3024 ή
1022 2933 1080 3014 τάς
1097 2932 1182 3023 ὑπὲρ
1199 2934 1331 3003 τούτων

376 3035 612 3130 παραγραφάς·
634 3037 709 3119 περὶ
720 3032 761 3121 δή
772 3043 842 3103 τοῖν
853 3036 1057 3122 πραγμάτων
1068 3032 1181 3102 αὐτῶν
1191 3032 1232 3101 τά
1244 3046 1331 3116 φευ-

376 3138 417 3220 δῆ
434 3135 784 3223 καταμαρτυρήσαντες
800 3125 897 3203 οὗτοί
910 3161 976 3221 μου
993 3132 1147 3213 ἀσθενεῖς
1163 3131 1243 3212 τούς
1253 3137 1330 3219 περὶ

333 3253 367 3306 52
376 3242 432 3319 τῆς
449 3243 669 3321 παραγραφῆς
686 3237 844 3322 ἐποίησαν
862 3235 992 3320 λόγους.
1025 3235 1124 3321 χωρὶς
1141 3233 1177 3302 δὲ
1196 3234 1330 3301 τούτων

375 3330 516 3419 ἀτοπου,
541 3334 677 3402 πάντων
693 3330 733 3401 τά
749 3338 859 3420 ψευδῆ
875 3332 1176 3419 μαρτυρησάντων,
1197 3339 1247 3410 τίς
1261 3330 1328 3418 μά-

375 3438 468 3497 λιστα
478 3437 620 3518 ἔβλαψεν
632 3430 847 3519 ἀποφαίνειν,
861 3428 936 3500 ἀλλ’
950 3428 1011 3517 ούχ
1022 3429 1067 3511 ὥς
1078 3428 1179 3510 αύτδς
1189 3433 1327 3510 ἕκαστος

374 3526 484 3615 ἀληθῆ
506 3530 737 3619 μεμαρτύρηκε
760 3531 943 3599 δεικνύναι.
975 3527 1017 3597 ού
1038 3527 1120 3616 γάρ,
1143 3525 1188 3597 ἀν
1209 3529 1326 3616 ἕτερον

376 3632 463 3715 δείξη
474 3627 640 3714 δεινότερα
652 3632 870 3716 είργασμένου
877 3681 886 3713 ,
899 3627 1104 3716 ἀποφεύγειν
1115 3628 1207 3720 αύτῷ
1216 3632 1326 3718 προσ·

373 3726 456 3815 ήκει,
469 3723 543 3794 ἀλλ’
557 3723 600 3794 ἀν
610 3726 710 3808 αύτός
721 3726 764 3809 ὡς
774 3727 886 3817 ἀληθῆ
895 3730 1146 3817 μεμαρτύρηκεν
1154 3727 1323 3818 ἀποφήνη.

295 4096 377 4114 Α
