3159 4409
397 492 521 554 ΚΑΤΑ
536 489 686 553 ΕῬΕΡΓ.
707 488 796 551 ΚΑΙ
808 490 1003 553 ΜΝΗΣΙΒ.
1029 492 1163 555 ww.
1197 491 1261 555 119

303 654 395 739 τηγὶς
411 650 664 737 κατεσκευάσθη
681 648 870 739 Ἀλκιμάχῳ.
903 648 984 718 ὥστ’
1000 648 1110 720 οὐκέτι
1129 644 1174 740 ἦν
1194 649 1260 721 αό-

303 758 350 842 τῷ
367 751 477 837 δήπου
498 748 706 835 ὑπερήμερος
726 746 965 838 ἀναβαλομένῳ
986 775 1060 836 μοι,
1081 756 1130 819 ἐτι
1151 752 1186 820 δέ
1202 753 1259 822 καὶ
1297 824 1300 833 ,

303 854 451 918 ἐκτίνων.
484 845 567 916 άλλά
586 845 677 934 δεινὴ
693 844 714 933 ἡ
731 852 903 939 πλεονεξία
918 856 981 917 τοῦ
990 848 1135 935 τρόπον,
1157 843 1259 919 Mev-

304 952 380 1032 δρες
398 950 565 1031 δικασταὶ,
586 944 713 1030 περὶτὰ
732 950 835 1014 πλέον
852 948 907 1014 καὶ
923 947 960 1024 τὸ
974 951 1119 1015 ἔλαττον.
1151 949 1207 1016 καὶ
1218 941 1257 1016 εὖ

303 1045 429 1133 ᾔδεσαν
440 1043 508 1131 ὅτι,
527 1050 558 1112 εί
566 1045 628 1131 μὲν
638 1043 700 1131 τὴν
710 1042 895 1129 άνθρωπον
905 1046 1174 1131 παραδώσουσιν,
1188 1049 1258 1126 ἐξε-

304 1143 545 1230 λεγχθήσονται
555 1147 663 1229 ψευδῆ
674 1145 923 1229 ἐγκαλέσαντες,
943 1150 974 1213 εί
990 1145 1027 1213 δέ
1040 1142 1087 1232 μη
1099 1144 1258 1232 παραδό-

306 1261 423 1319 σονσιν
437 1239 482 1330 ἣν
493 1241 731 1328 ἐμαρτύρησαν
748 1237 793 1320 ὡς
804 1234 902 1321 οὗτος
911 1240 1014 1329 ἤθελε
1025 1243 1256 1330 παραδιδόναι,

261 1364 297 1420 ης
307 1345 602 1426 ψευδομαρτυριῶν
619 1338 815 1409 ἁλώσονται.
845 1343 963 1427 δέομαι
974 1339 1006 1408 δ’-
1018 1338 1130 1428 ὑμοῖν,
1156 1336 1257 1412 διάν-

306 1443 380 1524 δρες
397 1441 560 1524 δικασταὶ,
581 1447 615 1506 εί
627 1465 676 1517 τις
686 1438 750 1522 ἄρα
761 1445 830 1506 τῶν
840 1439 914 1506 τότε
925 1438 1125 1520 δικαζόντων
1133 1440 1256 1526 τυγχά-

303 1564 354 1605 νει
371 1532 420 1605 οδν
437 1541 473 1604 ἐν
488 1541 536 1624 τῷ
547 1542 762 1626 δικαστηρίῳ,
785 1549 853 1614 τοῖς
862 1534 974 1615 αὐτοῖς
982 1536 1169 1623 χρήσασθαι
1177 1543 1256 1606 ἔθε·

304 1657 360 1703 σιν
375 1631 490 1720 οἷσπερ
505 1637 561 1703 καὶ
571 1634 661 1720 τότε,
682 1635 739 1703 καὶ
750 1640 781 1702 εί
788 1634 850 1720 μὲν
860 1632 881 1721 ἡ
892 1642 1055 1732 μαρτυρία
1065 1635 1162 1723 πιστή
1174 1635 1255 1724 ὑμῖν

303 1735 417 1812 ἔδοξεν
438 1731 522 1801 εἶναι
538 1736 593 1800 καὶ
610 1730 674 1818 έγά
690 1731 829 1819 φεύγειν
844 1732 905 1803 τὸν
919 1740 1053 1821 ἔλεγχον
1068 1735 1128 1806 τὸν
1144 1740 1180 1805 ἐκ
1197 1745 1255 1822 τῆς

303 1829 507 1917 άνθράπου,
530 1838 595 1899 νῦν
611 1834 869 1922 ἐξελεγχομένων
882 1831 999 1901 αὐτῶν
1008 1839 1116 1921 ψευδῆ
1126 1861 1253 1922 μεμαρ-

302 1927 496 2016 τυρηκότων
511 1933 565 1998 καί
583 1928 624 1998 οό
642 1931 895 2014 παραδιδόντων
904 1932 966 2018 τὴν
976 1931 1160 2018 άνθρωπον
1170 1941 1253 2019 βοη-

301 2033 410 2113 θῆσαί
416 2054 482 2113 μοι,
495 2035 525 2096 εί
534 2027 564 2095 δ’
577 2031 648 2115 ἐμοὶ
660 2026 848 2116 ὠργίσθητε
859 2029 910 2098 ὅτι
921 2031 1132 2115 ἐνεχυράσων
1142 2024 1252 2118 ἦλθον

302 2124 424 2213 έπὶτὴν
432 2133 539 2196 οίκίαν
547 2126 608 2215 τὴν
616 2135 678 2196 τοῦ
687 2129 877 2216 Θεοφήμου,
885 2130 1077 2208 καὶτοότοις
1085 2129 1252 2215 νῦνόργι-

253 2236 290 2290 80
303 2233 427 2311 σθῆναι
435 2223 486 2293 ὅτι
495 2228 546 2294 ἐπὶ
556 2225 618 2310 τὴν
626 2225 710 2312 ἐμὴν
718 2219 837 2312 ἦλθον.
855 2224 980 2310 καὶέγά
991 2227 1053 2311 μὲν
1060 2223 1126 2294 ὑπὸ
1138 2227 1252 2312 νόμων

301 2326 357 2392 καὶ
370 2323 591 2410 ψηφισμάτων
601 2320 864 2410 ἀναγκαζόμενος
875 2325 1039 2406 πρόνοιαν
1049 2325 1252 2414 ἐποιησάμην

302 2431 363 2490 τοῦ
378 2424 459 2509 μήτε
479 2425 532 2490 ἐπὶ
548 2419 609 2489 τὸν
628 2427 752 2506 πατέρα
767 2421 828 2490 τδν
843 2423 968 2488 τούτου
989 2428 1151 2491 εἰσελθεῖν
1171 2423 1252 2509 μήτε

301 2523 355 2588 ἐπὶ
370 2523 432 2607 τὴν
448 2524 587 2607 μητέρα,
610 2521 691 2607 μήτε
701 2528 770 2588 τῶν
781 2526 843 2587 τοῦ
854 2518 1002 2604 άδελφοῦ
1013 2527 1126 2606 λαβεῖν
1137 2523 1251 2610 μηδὲν,

301 2617 377 2687 ἀλλ’
396 2612 440 2687 οὗ
457 2618 557 2698 αὐτὸς
573 2618 653 2711 ᾤκει
670 2617 892 2705 ὃΘεόφημος·
914 2621 969 2687 καί
980 2620 1090 2706 ἐπειδὴ
1103 2618 1145 2687 οὐ
1156 2622 1253 2689 κατέ-

302 2726 406 2804 λαβον
417 2717 521 2786 αὐτόν
531 2724 645 2803 ένδον,
663 2717 724 2804 οὐχ
735 2716 887 2802 ἁρπάσας
898 2715 1030 2810 ᾠχόμην
1041 2717 1156 2804 οὐδὲν,
1168 2718 1252 2788 άλλά

301 2824 474 2902 μετελθεῖν
484 2819 639 2885 ἐκέλευσα
650 2815 764 2904 αὐτόν,
776 2819 833 2885 καὶ
842 2817 1016 2903 παρόντος,
1027 2815 1089 2886 οὐκ
1098 2817 1251 2904 άπόντος,

301 2912 364 3000 την
375 2916 589 3000 ἐνεχυρασίαν
599 2915 821 3002 ἐποιησάμην,
840 2918 896 2983 καὶ
906 2913 1153 3004 ἀφαιρούμενος
1163 2915 1268 3004 άφῆ-’

301 3039 354 3101 κα,
368 3015 423 3081 καὶ
432 3011 585 3100 άνῆλθον
593 3015 645 3083 ἐπὶ
653 3014 714 3100 την
725 3012 855 3102 βουλὴν
865 3013 944 3094 τοὺς
955 3022 1103 3102 κυρίους,
1117 3017 1172 3083 καὶ
1184 3021 1253 3082 είσ-

301 3120 455 3199 αγγείλας
467 3117 526 3182 καὶ
543 3111 627 3182 ἔλων
643 3116 680 3180 έν
696 3121 737 3201 τῇ
746 3121 853 3202 βουλῇ
863 3110 1201 3200 άποχρηνὴγησάμην
1211 3111 1251 3182 τά

301 3213 363 3298 μὲν
381 3212 488 3297 σκεύη
500 3209 680 3298 ἀπολαβεῖν
691 3209 781 3281 άπλαῖ
788 3263 798 3299 ,
821 3214 897 3296 περὶ
909 3213 944 3280 δὲ
954 3220 1023 3279 τῶν
1034 3219 1169 3297 πληγῶν
1179 3215 1252 3280 ἐπι-

259 3313 434 3396 81τρέμαι,
446 3317 501 3396 ’τῷ
526 3311 561 3376 δὲ
581 3311 734 3397 τιμήματι
755 3319 974 3398 συγχωρῆσαι.
1008 3307 1092 3378 άστε
1108 3308 1172 3396 ἐγω
1190 3312 1252 3398 μὲν
1259 3334 1328 3389 1164

302 3407 391 3477 οὕτω
408 3416 513 3493 πράος
522 3410 596 3491 περὶ
606 3409 745 3487 τούτους
754 3403 815 3495 ἦν,
840 3400 1252 3498 οὖτοιδὲοότωςάσελγεῖς

302 3510 358 3575 καὶ
375 3505 629 3593 βδελυροὶάστ’
647 3509 699 3575 ἐπὶ
714 3506 776 3593 την
791 3520 935 3592 γυναῖκα
952 3511 1007 3574 καὶ
1022 3506 1063 3576 τά
1073 3515 1187 3578 παιδία
1197 3513 1251 3575 ἐλ-

302 3615 395 3699 θεῖν,
417 3609 544 3690 ἔχοντες
556 3605 618 3691 μέν
627 3604 668 3672 τά
680 3607 830 3691 πρόβατα
841 3603 983 3683 καὶτοὺς
993 3611 1136 3693 οἰκέτας,
1159 3610 1252 3671 πλεί-

302 3699 1252 3791 ουοςάξιαῆκατεδικάσαντο,ἀναβαλόμενοιδὶτηνὺπερ-
