3159 4409
310 457 426 559 18εῇ
534 476 586 533 ιιι.
620 468 1040 532 ΔΗΜοΣοαΝουΣ

310 634 476 720 λήμματος
491 633 598 701 κακόυ
613 638 747 716 ποιῆσαι
764 626 871 715 ἠδίκει
877 681 887 715 ,
910 635 1020 698 ἔπειτα
1036 634 1187 700 ἐνταῦθα
1200 635 1261 718 μὲν

310 730 544 817 αἰσχροκερδὴς
560 721 619 816 ἦν,
641 733 686 805 είς
702 726 738 794 δέ
754 725 813 805 τάς
824 727 982 814 εἰσφοράς
991 730 1047 796 καλ
1057 736 1261 814 λειτουργίας

267 843 301 898 27
310 828 365 896 καλ
383 824 508 909 δωρεάς
523 833 565 913 τῇ
583 823 677 892 πόλει
693 821 752 903 οὕς
775 825 830 890 καὶ
846 832 915 891 τοῖν
931 824 994 910 μὲν
1013 827 1119 905 ξένων
1138 824 1261 894 οὐδένα

310 925 431 1014 ἠδίκει,
449 925 648 996 Κάλλιππον
660 924 711 1001 δίς
727 925 783 990 καί
794 915 910 1009 οὗτος,
931 921 977 1002 οἷς
988 944 1108 1011 φησιν,
1127 922 1262 1012 ὦςχρη-

312 1033 378 1114 σιῷ
389 1019 449 1110 μὲν
461 1019 550 1111 αὐτῷ
562 1019 634 1088 ὄντι
644 1020 698 1088 καλ
709 1017 810 1089 οὐδὲν
820 1026 1013 1110 ψευσαμένῳ
1025 1021 1129 1106 ὅρκον
1140 1027 1261 1107 ἐδίδου,

314 1121 357 1203 ὡς
374 1124 448 1209 περὶ
465 1129 616 1207 πονηροῦ
634 1119 670 1188 δὲ
681 1121 735 1186 καλ
746 1117 988 1205 ἀπαλείφοντος
998 1118 1063 1189 ἀπὸ
1075 1128 1144 1190 τοῖν
1154 1147 1262 1208 παρα·-

313 1229 513 1308 καταθηκων
523 1221 599 1287 νυνὶ
612 1221 811 1304 διαλέγεται;
822 1215 973 1299 κάκεῖνος
981 1219 1049 1286 οὔτ’
1059 1219 1181 1305 ὀμόσαι
1187 1224 1263 1288 ἐθέ-

313 1330 398 1410 λων,
422 1318 466 1399 άς
482 1312 579 1398 οὗτός
596 1337 716 1404 φησιν,
739 1313 812 1384 οὔτ’
830 1313 1011 1395 ἀποδιδοάς
1028 1313 1263 1397 οάκιεύθδςάν

314 1420 474 1507 ὠφλήκεω
486 1424 532 1507 τῷ
544 1425 647 1485 ταῦτα
660 1413 768 1500 πιστά,
781 1406 938 1501 άάνδρες
950 1419 1103 1483 δικασταί
1105 1442 1116 1497 3
1128 1413 1193 1501 gy&
1204 1415 1262 1503 μὲν

268 1543 304 1596 28
313 1517 376 1606 γάρ
388 1515 501 1586 οὐδενὶ
517 1519 616 1606 οἶμαι.
651 1517 707 1583 καί
721 1511 955 1602 δἈρχεβιάδης
966 1519 1012 1592 είς
1022 1520 1120 1581 τοῦτο
1132 1515 1263 1600 φαυλό-

312 1645 408 1704 τητος
426 1616 499 1703 ἥκει
519 1615 603 1684 ὥστε
620 1623 681 1683 τοῦ
692 1622 891 1682 Καλλίππου
908 1613 1055 1699 δημότου
1065 1611 1162 1693 ὄντος
1173 1611 1263 1704 αὐτῷ

313 1718 368 1784 καὶ
385 1719 642 1800 πολιτευομένου
661 1716 716 1782 καὶ
727 1711 789 1780 οὐκ
801 1712 935 1780 ίδιάτου
948 1711 1044 1792 ὄντος
1053 1737 1263 1800 καταμαρτυ-

315 1827 380 1898 ρεῖ,
392 1814 446 1880 καὶ
460 1815 561 1899 φησὶν
571 1809 657 1898 ἡμᾶς
669 1812 729 1897 μέν
741 1809 853 1897 ἀληθῆ
863 1814 987 1896 λέγειν,
1003 1820 1123 1879 τοῦτον
1133 1814 1170 1879 δέ
1180 1811 1263 1892 νεά-

315 1917 450 1995 δεσθαι,
473 1913 645 1978 καὶταῦτα
662 1909 757 1990 είδάς
772 1907 840 1994 ὄτι,
861 1907 904 1977 ἀν
915 1904 1013 1991 οὗτος
1021 1914 1183 1999 βούληται
1193 1917 1263 1980 ἐπι·

315 2009 508 2095 σκηψασθαι
524 2005 615 2097 αὐτῷ
629 2016 697 2075 των
715 2013 1014 2094 ψευδομαρτυριῶν
1029 2013 1084 2077 καί
1100 2009 1182 2078 ἀλλο
1201 2036 1266 2096 μη-

315 2112 372 2176 δὲν
388 2115 523 2193 ποιησαι
539 2103 772 2193 ἢέξορκάσαι,
794 2103 922 2193 ἀνάγκη
940 2105 1030 2198 αὐτῷ
1049 2112 1139 2175 ἔσται
1154 2114 1263 2175 πίστιν

272 2228 306 2282 29
316 2211 478 2277 ἐπιθεῖναι
492 2203 537 2291 ἣν
553 2201 597 2272 ἀν
606 2205 726 2293 κελεύη
737 2197 844 2284 οὗτος.
877 2212 987 2273 ἔπειτα
997 2209 1053 2273 ίυα
1064 2203 1081 2272 ὁ
1094 2204 1264 2292 Κηφισιά-

316 2313 374 2395 δης
386 2312 442 2395 έχη
452 2305 489 2374 τὸ
501 2303 680 2393 ἀργύριον,
692 2305 873 2388 άνδρωπος
885 2310 1048 2390 μέτοικος,
1060 2299 1082 2389 ἢ
1094 2309 1262 2389 Φορμίων,

316 2406 357 2474 ὄν
375 2425 478 2492 φησιν
496 2402 741 2492 ἀπαληλιφέναι
758 2429 790 2472 τι
807 2396 905 2482 οὗτος
915 2410 975 2471 τοῦ
987 2400 1169 2488 ἀργυρίου,
1193 2415 1315 2472 πει-124

316 2503 487 2591 σθήσεσθε
508 2500 603 2590 ὑμεῖς
625 2500 669 2580 ὡς
689 2503 915 2588 ἐπιορκήσειεν
936 2498 980 2569 ἀν
1001 2501 1017 2570 ὁ
1037 2500 1264 2590 Ἀρχεβιάδηςς

316 2601 378 2671 οάκ
395 2608 432 2670 ἐκ
447 2628 485 2687 γε
502 2610 571 2669 τῶν
588 2602 742 2687 εἰκότων,
766 2593 793 2668 ὦ
810 2600 930 2686 ἀνδρες
950 2604 1107 2668 δικασταί.
1138 2599 1180 2667 οὐ
1201 2598 1265 2685 γάρ

240 2722 242 2727 “
316 2703 413 2783 ἀξιον·
426 2701 503 2768 οὔτε
515 2699 730 2786 Ἀρχεβιάδου
746 2706 865 2766 κακίαν
880 2696 1040 2785 οὐδεμίαν
1055 2706 1266 2783 καταγνῶναι

317 2799 394 2869 οὔτε
404 2807 467 2867 τοῦ
477 2796 599 2883 πατρὸς
609 2806 670 2866 τοῦ
680 2795 857 2885 ἡμετέρου·
879 2797 966 2867 πολὺ
977 2799 1040 2885 γάρ
1052 2795 1156 2865 αὐτὸν
1166 2797 1267 2884 φιλό-

316 2998 515 3085 τηδεάοντα,
536 2999 591 3064 καί
613 2995 696 3084 πρὸς
715 2995 911 3064 Κάλλιππον
934 2995 995 3082 οὐχ
1018 2993 1125 3074 οὕτως
1149 2999 1266 3080 ἔχοντα

318 3096 401 3166 ὥστε
418 3097 717 3183 καταφρονήσαντα
735 3097 858 3165 τούτου
875 3094 1028 3182 ἀδικῆσαι
1043 3095 1088 3164 άν
1103 3120 1135 3162 τι
1150 3093 1264 3163 αὐτόν.

272 3193 357 3268 30οό
378 3186 442 3284 γάρ
465 3194 553 3266 οὕτω
573 3222 630 3283 μοι
650 3201 744 3265 δοκεί
761 3197 930 3265 δύνασθαι
948 3194 1027 3264 ὥστ’
1054 3193 1267 3279 εὐκαταφρό-

316 3322 413 3380 νητος
431 3296 529 3383 εἶναι,
551 3294 588 3376 ὄς
602 3296 709 3376 οὕτως
725 3300 911 3384 ἐρρωμένος
930 3299 1018 3365 ἐστὶν
1041 3294 1124 3363 ὥστε
1145 3299 1271 3379 πέρυσί

316 3418 373 3479 μοι
388 3395 497 3480 λαχάν
512 3395 574 3483 την
585 3401 681 3483 δίκην
690 3398 829 3484 ταυτηνὶ
849 3397 904 3464 καὶ
916 3394 1206 3481 προκαλεσάμενος
1218 3400 1267 3482 τῷ

316 3499 501 3581 Λυσιθείδῃ
518 3497 701 3582 ἐπιτρέψαι,
723 3495 787 3582 ἐγω
806 3495 867 3581 μὲν
883 3500 1000 3580 καίπερ
1012 3516 1266 3577 καταπεφρονη-

317 3595 415 3680 μένος
426 3588 482 3657 ὑπ’
498 3590 602 3660 αὐτοῦ
612 3593 712 3662 τοῦτο’
722 3620 760 3679 γε
771 3592 884 3680 ὀρθῶς
895 3590 1158 3678 ἐβουλευσάμην·
1181 3591 1266 3659 κατὰ

199 3690 203 3700 “
318 3689 396 3772 τούς
418 3691 543 3777 νόμους
560 3691 628 3780 γάρ
651 3697 812 3778 ἐπέτρεψα
834 3693 888 3761 καὶ
910 3689 1080 3778 ἀπήνεγκα
1100 3687 1191 3775 πρὸς
1204 3685 1267 3775 την
