3159 4409
510 503 665 565 ΚΑΤΑ
701 501 1011 565 ΘΕΟΚΡΙΝΟῬ.
1178 506 1239 570 261

249 663 487 752 τοέκτίσαιμήτ
484 662 556 744 είς
566 662 748 748 ακροτιολιν
759 661 988 750 ανευεχθηναι
1021 661 1061 742 άς
1074 657 1205 734 ουδδν
1182 691 1242 751 ητ

291 788 362 849 τον,
375 760 475 849 οἶμαι,
484 770 668 849 Θεοκρίνης
678 763 803 848 ὀφείλει
813 764 891 830 νυνὶ
901 761 984 830 κατά
993 760 1053 831 τόν
1063 762 1183 850 νόμον.
1200 763 1241 833 οό

291 860 357 947 γάρ
369 859 429 929 ἐάν
438 859 652 948 Κτησικλήςὸ
664 863 813 948 μέτοικος
823 863 1020 950 συγχωρήσῃ
1036 863 1159 951 τούτῳ,
1180 888 1243 931 τιο-

292 959 396 1046 νηρός
413 968 565 1048 πονηρῷ,
586 959 630 1047 μή
649 965 883 1048 παραδοθῆναι
899 976 966 1040 τοῖς
983 961 1166 1047 πράκτορσι
1183 988 1242 1031 του
1250 987 1317 1041 1323

292 1057 528 1144 προσοφλόντα
538 1057 621 1127 κατά
631 1059 692 1127 τόν
700 1055 824 1146 νόμον,
836 1059 889 1128 διά
901 1071 999 1131 τοῦτο
1009 1067 1063 1130 δεῖ
1069 1060 1133 1148 τήν
1143 1060 1242 1129 πόλιν

292 1156 537 1244 ἀπεστερῆσθαι
547 1165 616 1226 τάν
627 1161 663 1226 ἐκ
679 1165 748 1226 τάν
758 1158 873 1245 νόμων
883 1163 1098 1246 ἐπικειμένων
1109 1167 1240 1247 ζημιῶν,

292 1254 376 1325 ἄλλά
394 1257 555 1344 προσήκει
571 1257 650 1337 τοός
665 1256 855 1337 ἀντιδίκους
871 1257 955 1345 ὑπὲρ
972 1259 1034 1345 μὲν
1050 1267 1119 1327 τοῖν
1135 1263 1240 1344 ίδίων,

292 1351 437 1434 ὀπωςάν
448 1353 570 1434 αὑτοός
580 1361 737 1439 πείθωσι,
760 1360 957 1424 διοικεῖσθαι
968 1355 1052 1442 πρός
1067 1356 1240 1442 άλλήλους,

291 1451 375 1540 ὑπὲρ
393 1456 429 1524 δὲ
444 1462 511 1522 τῶν
529 1454 613 1541 πρός
630 1453 667 1523 τό
680 1455 841 1541 δημόσιον
847 1505 857 1538 ,
880 1452 970 1534 ὅπως
980 1451 1024 1522 ὀίν
1035 1459 1069 1522 οί
1076 1456 1175 1542 νόμοι
1185 1482 1242 1524 κε-

248 1569 281 1620 21
290 1552 442 1620 λεάωσιν
465 1560 523 1621 καί
531 1578 587 1638 μοι
599 1557 673 1638 λέγε
683 1551 743 1620 τόν
753 1578 787 1620 τε
799 1552 919 1639 νόμον,
932 1551 968 1633 ὀς
978 1555 1106 1623 κελεύει
1115 1554 1152 1624 τό
1163 1553 1241 1643 ήμι-

292 1672 336 1717 σν
351 1659 413 1718 τοῦ
429 1651 608 1737 τιμήματος
624 1649 816 1741 ὀφείλειν
786 1679 832 1718 τω
817 1651 1022 1742 δημοσίφ“
1002 1679 1038 1732 ος
1049 1650 1093 1721 άν
1104 1654 1237 1742 δόξῃ
1194 1679 1239 1741 μη
1320 1719 1323 1725 f

291 1752 383 1816 δικαί
369 1755 424 1828 ίοτς
436 1748 525 1828 είς
490 1776 553 1836 την
563 1752 756 1836 ἐλευθερίαν
762 1748 958 1841 άφελέσθαι,
970 1751 1094 1840 κοίτην
1102 1777 1163 1821 του
1150 1761 1241 1840 Κη-

291 1848 485 1935 φισοδώρου
494 1857 688 1944 μαρτυρίαν
1033 1884 1035 1889 ·

538 1956 716 2018 ΝΟΜΟΣ.
746 1952 986 2021 ΜΛΡΤΥΡΙΑ.

288 2078 291 2084 “
374 2049 458 2133 Λίγε
474 2045 514 2135 δή
531 2047 686 2117 κάκεῑνον
703 2048 763 2118 τόυ
781 2052 888 2138 νόμον
903 2052 965 2120 τόν
975 2050 1034 2121 ἀπ’
1047 2056 1174 2138 ἐκείνης
1184 2077 1241 2118 κε-

288 2146 430 2215 λεύοντα
441 2153 499 2233 τῆς
509 2144 631 2234 ἡμέρας
642 2147 804 2236 ὀφείλειν,
823 2150 885 2238 άφ’
897 2144 937 2236 ής
955 2148 998 2219 άν
1015 2152 1120 2239 ὀφλη,
1139 2149 1240 2218 ἐάντ’

289 2250 554 2333 ἐγγεγραμμένος
564 2240 587 2335 ή
599 2248 657 2315 ἐάν
667 2274 702 2314 τε
713 2249 767 2334 μή.

677 2352 854 2412 ΝΟΜΟΣ.

244 2455 280 2506 22
297 2445 299 2449 ’
372 2450 452 2522 Πῶς
463 2434 527 2510 οὖν
538 2439 661 2525 άλλως,
675 2434 831 2526 άάνδρες
842 2444 1000 2527 δικασταί,
1012 2441 1172 2529 προσήκει
1181 2440 1242 2516 τόν

290 2549 424 2621 δικαίως
439 2537 677 2628 κατηγοροῦσί
698 2539 897 2626 ἀποφαίνειν
915 2537 1027 2624 ὀρθῶς
1039 2543 1243 2627 ἐνδεδειγμί-
1318 2595 1321 2601 ,

288 2671 351 2713 νον
363 2649 547 2727 Θεοκρίνην
561 2643 693 2709 τουτονί
712 2642 766 2708 καί
784 2637 828 2726 μή
846 2639 953 2725 μόνον
970 2644 1086 2725 ἔνοχον
1102 2638 1183 2706 ὀντα
1199 2642 1240 2726 τῇ

290 2745 424 2822 ἐνδείξει
442 2739 523 2809 κατά
541 2736 599 2818 τάς
609 2745 713 2824 χιλίας
723 2735 777 2824 ἐφ’
794 2733 845 2817 αἷς
858 2738 1069 2821 ἐνδέδεικται,
1092 2734 1175 2805 άλλόι
1186 2739 1240 2805 καὶ

290 2850 424 2919 πολλοῖς
440 2838 551 2917 άλλοις
567 2836 776 2923 ὀφλήμασινς
793 2835 858 2922 ἐγώ
876 2836 937 2922 μὲν
948 2833 1100 2923 οὐδαμοῖς
1110 2840 1240 2920 νομιζω.

291 2936 333 3005 οὐ
348 2937 411 3022 γάρ
429 2935 469 3024 δή
487 2940 679 3020 προσδοκᾶν
694 2961 732 3020 γε
750 2938 802 3002 δεῖ
811 2943 995 3022 Θεοκρίνην
1006 2931 1241 3020 αότόυόμολο-

290 3035 406 3121 γήσειν
423 3032 569 3119 ὀφείλειν
582 3032 664 3118 ὑμίν
673 3039 720 3121 τῷ
732 3037 877 3124 δημοσίῳ
889 3035 944 3100 καί
956 3037 1087 3110 δικαίως
1098 3034 1241 3100 ἐνδεδεῖ-

289 3144 371 3220 χθαι
389 3133 525 3221 φήσειν,
548 3131 631 3200 ἀλλὰ
645 3130 842 3201 τοόυαντίου
863 3134 972 3199 πάντα
992 3131 1093 3215 λόγον
1113 3138 1241 3217 μᾶλλον

290 3238 379 3319 ἐρεῖν
389 3237 444 3302 καί
454 3234 561 3312 πάσας
571 3238 675 3311 αίτίας
686 3242 806 3317 οἴσειν,
825 3230 870 3311 άς
880 3230 1183 3316 καταστασιάζεται,
1197 3226 1240 3309 ὡς

246 3332 344 3453 Mafa
362 3332 422 3412 τάς
440 3333 508 3400 τάν
523 3332 728 3418 παρανόμων
743 3331 874 3418 γραφάς
881 3337 931 3409 εἰς
940 3325 1041 3397 ταῦθ’
1054 3327 1136 3416 ἥκει.
1169 3338 1241 3398 λοι-

290 3429 356 3517 μόν
373 3431 437 3517 γάρ
454 3435 521 3498 ἐστι
531 3457 633 3499 τουτο
643 3446 713 3511 τοῖς
723 3434 759 3498 ἐν
771 3428 883 3508 αὐτοῖς
894 3443 963 3508 τοῖς
974 3450 1220 3516 πραγμασιν
1168 3433 1239 3509 ἐξ

289 3532 588 3616 λεγχομένοις,αίτ
537 3538 640 3610 ατίας
589 3534 711 3599 ίκαί
723 3528 906 3615 προφάσεις
917 3525 1096 3616 ευρίσκειν,
1120 3535 1239 3617 αἵτινες

288 3636 348 3697 τοῦ
368 3631 533 3716 παρόντος
550 3628 637 3715 ὑμᾶς
653 3629 831 3715 ποιήσουσι
841 3628 1028 3714 πράγματος
1039 3626 1238 3746 ἐπιλαθομέ

289 3754 369 3805 νους
384 3742 451 3808 τοῖς
469 3735 529 3808 ἐξω
545 3737 603 3817 τῆς
620 3733 816 3814 κατηγορίας
832 3728 942 3812 λόγοις
957 3729 1140 3811 προσέχειν.
1171 3721 1234 3805 ἐγώ
