3159 4409
312 493 376 559 ιον
522 497 599 554 ιιυ.
630 466 1048 555 Διιποῑοιιωουε
1133 464 1135 469 ’

314 670 448 742 ματεῑον
459 653 682 738 άπολωλέναι,
701 650 768 720 ὥστ
767 651 898 720 ’ἔπεισε
909 656 1177 740 διαψηφίσασθαι
1187 681 1265 735 τους

310 753 538 842 Ἁλιμουσίους
557 757 632 846 περὶ
652 751 781 874 αῦμῦμ,
803 754 858 820 καὶ
880 759 1076 839 κατηγορῶν
1097 754 1178 821 δίκα
1198 763 1265 831 τῶν

314 858 494 976 δημοτῦνέ
494 859 647 942 ξίβαλεν,
660 876 719 931 ους
730 877 879 930 απαντας
888 849 1004 960 πλην
986 877 1061 931 ενος
1072 856 1264 933 κατεδέξπο

312 981 349 1023 το
339 953 582 1041 δικαστήριον.
611 954 666 1021 καί
683 959 793 1020 ταῦτα
804 938 925 1030 πάντες
942 961 1054 1018 ίσασιν
1072 955 1107 1018 οί
1116 952 1266 1039 πρεσβί-

269 1075 409 1138 61τεροι.
450 1061 578 1120 πολλου
598 1080 620 1136 γ
619 1051 743 1120 ’ἐδεόν
769 1076 862 1130 τινας
882 1055 1110 1136 ἐγκαταλιπεῖν
1131 1059 1201 1120 τῶν
1221 1052 1281 1142 μὴ,

308 1153 513 1240 Ἀθηναίων,
525 1149 1264 1236 ὅπουκαλτοῦςόνταςπολίταςσυνιστάμενοι

312 1257 483 1340 ἐξέβαλον,
512 1249 571 1330 οῦς
591 1249 628 1318 τό
659 1249 872 1337 δικαστήριον
893 1252 1095 1329 κατεδέξατο.
1137 1245 1265 1318 καλόν

314 1352 481 1442 ἐχθρός
449 1379 495 1420 τω
483 1356 580 1442 ἐμῷ
597 1348 748 1434 πατρί’
711 1375 784 1417 τοτε
795 1347 837 1416 οῦ
852 1348 960 1435 μόνον
976 1346 1018 1416 οῦ
1026 1349 1264 1435 κατηγόρησεν,

314 1449 382 1520 ’ἀλλ’
401 1451 479 1521 οῦδὲ
494 1450 556 1539 τὴν
576 1457 698 1572 ψῆφον
708 1448 850 1537 ἤνεγκεν
872 1445 915 1526 ῦς
936 1443 999 1515 οῦκ
1019 1439 1063 1532 ἦν
1080 1444 1263 1534 Ἀθηναῖος.

314 1578 359 1642 τω
370 1577 469 1619 τουτο
483 1549 633 1638 δῆλον;
619 1576 671 1617 οτι
681 1545 824 1627 απασαις
840 1552 930 1627 ἔδοξε
897 1546 1083 1634 δημοτης
1094 1546 1188 1615 εἶναι
1213 1549 1265 1614 καὶ

313 1618 348 1718 τί
356 1655 408 1717 δεῖ
416 1653 490 1734 περὶ
500 1677 569 1717 των
579 1652 733 1733 πατέρων
749 1649 875 1733 λέγειν;
896 1643 964 1714 ἀλλ’
978 1643 1186 1733 Εὐβουλίδης
1203 1644 1264 1714 αό-
1271 1667 1321 1724 1318

313 1746 370 1826 τός
380 1745 504 1834 οὑτοσὶ,
517 1745 615 1834 ἡνίκα
625 1748 815 1833 ἐνεγράφην
829 1743 893 1832 ἐγω
905 1747 960 1814 καί
971 1742 1152 1831 ὀμόσαντες
1162 1750 1198 1817 οἱ
1208 1750 1265 1833 δη-

314 1847 414 1932 μόται
429 1850 562 1923 δικαίως
578 1845 700 1924 πάντες
716 1847 791 1929 περὶ
808 1847 891 1930 ἐμοῦ
906 1844 968 1931 την
990 1852 1107 1932 ψῆφον
1130 1851 1260 1932 ἔφερον,

315 1944 392 2017 οῦτε
409 1943 635 2031 κατηγόρησεν
650 1941 718 2011 οὔτ’
737 1946 892 2011 ἐναντίαν
913 1941 975 2030 τὴν
994 1951 1112 2030 ψῆφον
1127 1943 1261 2031 ἤνεγκε·

314 2045 369 2112 καὶ
384 2041 449 2127 γάρ
464 2045 613 2110 ἐνταῦθα
630 2042 731 2109 πάλιν
747 2043 802 2130 ἐμὲ
813 2042 935 2122 πάντες
945 2047 1149 2130 ἐψηφίσαντο
1162 2043 1263 2134 δημό-

313 2168 382 2229 την.
415 2143 471 2209 καὶ
487 2151 520 2209 εί
533 2147 618 2228 φασί
630 2167 671 2227 με
687 2149 786 2209 τοῦτο
803 2141 1004 2234 ψεύδεσθαι,
1028 2144 1081 2211 ἐπὶ
1101 2151 1162 2211 τοῦ
1184 2147 1262 2229 ἐμοῦ

312 2239 434 2319 ὕδατος
449 2238 540 2319 όστις
553 2239 708 2327 βούλεται
723 2240 855 2308 τούτων
876 2238 1033 2309 τάναντία
1050 2241 1263 2329 μαρτυρησά-

270 2350 367 2408 6λτω.
402 2345 432 2407 εί
446 2347 578 2425 τοίνυν,
601 2330 628 2406 τό
644 2338 764 2424 άνδρες
779 2338 950 2425 Ἀθηναῖοι
956 2350 970 2424 ,’
986 2348 1085 2408 τοῦτο
1104 2347 1262 2409 δοκοῦσιν

314 2431 407 2506 οῦτοι
423 2441 531 2524 λέγειν
547 2437 676 2524 μάλιστ’
699 2438 849 2525 ἰσχυρόν,
871 2435 914 2517 ὡς
931 2437 1184 2525 ἀπεψηφίσαντό
1200 2436 1277 2526 μου’

313 2546 379 2605 νῦν
394 2542 428 2605 ol
445 2537 599 2624 δημόται,
623 2535 686 2624 ἐγω
704 2537 854 2626 τετράκις
870 2537 1067 2605 ἐπιδεικνύω
1089 2540 1260 2627 πρότερον,

313 2634 368 2703 ὅτε
379 2633 476 2714 δσίως
487 2633 569 2702 άνευ
579 2635 768 2714 συστάσεως
778 2638 1066 2720 ἐψηφίσαντο,καὶ
1077 2639 1131 2722 ἐμὲ
1142 2635 1263 2705 καὶτὸν

313 2738 437 2819 πατέρα
455 2733 598 2819 δημότας
609 2731 722 2801 αὑτων
739 2732 823 2801 εἶναι
841 2737 1108 2820 ψηφισαμένους,
1131 2744 1262 2820 πρῶτον

313 2836 375 2920 μέν
384 2859 422 2918 γε
432 2840 494 2899 τοῦ
505 2831 629 2919 πατρὸς
639 2835 899 2918 δοκιμασθέντος
906 2882 915 2914 ,
930 2829 982 2898 εἶτ’
994 2834 1093 2919 ἐμοῦ,
1112 2831 1165 2900 εἶτ’
1177 2838 1215 2903 ἐν
1224 2842 1263 2922 τῇ

312 2935 456 3019 προτέρᾳ
475 2935 663 3019 δοκιμασίᾳ,
686 2930 742 2998 ότε
756 2929 928 3017 ἠφάνισαν
945 2923 1038 2999 οῦτοι
1055 2932 1092 3000 τό
1110 2959 1262 3020 γραμμα-

313 3043 415 3097 τεῖον·
438 3027 475 3095 τό
488 3029 524 3096 δὲ
540 3037 729 3097 τελευταῖον
745 3037 983 3114 προκρίναντες
993 3031 1049 3118 ἐμὲ
1059 3034 1261 3119 ἐψηφίσαντο

312 3131 349 3195 ἐν
365 3141 433 3206 τοῖς
449 3123 694 3212 εὐγενεστάτοις
711 3137 921 3214 κληροῦσθαι
936 3137 994 3215 τῆς
1016 3132 1202 3218 ἱερωσύνης
1217 3135 1262 3218 τῷ

306 3220 470 3308 Ἡρακλεῖ.
492 3229 661 3294 καὶταῦτα
672 3227 781 3294 πάντα
793 3229 1046 3315 μεμαρτύρηται.

269 3344 303 3398 63
396 3333 440 3393 Ec
449 3326 485 3394 δὲ
496 3325 617 3414 δείτὴν
629 3331 813 3413 δημαρχίαν
829 3335 952 3412 λέγειν,
975 3326 1013 3397 δι’
1025 3326 1070 3415 ἢν
1087 3326 1262 3415 άργιζοντό

312 3428 370 3506 μοί
379 3446 481 3508 τινες,
504 3430 540 3494 ἐν
557 3419 580 3514 ᾖ
597 3427 756 3512 διάφορος
772 3427 935 3514 ἐγενόμην
952 3427 1159 3512 εἰσπράττων
1170 3425 1264 3512 ὀφεί-

313 3527 433 3597 λοντας
448 3523 593 3602 πολλοῦς
606 3522 718 3592 αῦτῦν
728 3526 910 3610 μισθώσεις
926 3534 1074 3611 τεμενῦν
1084 3529 1140 3594 καὶ
1150 3525 1228 3611 ἕτερ’
1242 3521 1264 3591 δι’

267 3680 276 3709 ρ
313 3627 381 3687 τόν
391 3627 515 3688 κοινῶν
526 3623 768 3711 διηρπάκεσαν,
780 3623 845 3709 ἐγω
857 3625 917 3709 μὲν
928 3620 971 3691 όν
982 3633 1168 3711 βουλοίμην
1179 3622 1264 3709 ὑμᾶς

314 3715 465 3805 άκοῦειν,
486 3718 556 3787 ἀλλ’
576 3731 655 3802 ίσως
675 3727 735 3804 ἔξω
756 3731 816 3790 τοῦ
838 3722 1029 3809 πράγματος
1049 3720 1264 3809 ὑπολήψεσθε
