3159 4409
276 457 278 463 ’
313 488 354 553 14
521 490 597 546 xm.
621 480 1055 562 [ΔῌΜο-Σοευουεη

312 649 448 735 στήριον
458 651 618 735 βαδίζειν,
634 648 796 730 ἐπείσθην
815 650 859 722 (τί
872 644 937 730 γάρ
950 649 1003 710 δεῖ
1010 651 1230 734 μακρολογεῖν
1237 655 1260 724 3)

311 746 373 833 τήν
390 747 451 833 μὲν
468 743 695 829 σύνοδοντήν
710 745 785 827 περὶ
802 751 871 810 τάν
892 743 1079 811 διαλύσεων
1100 751 1140 831 τῇ
1156 739 1261 861 ὀγδόη

312 852 564 931 φθίνοντοςτου
553 839 1263 965 βοηδρομιῶνοςμηνόςὸμολογήσαιποιή-

312 954 449 1056 σασθαι,
467 940 570 1029 τήνδ’
585 941 756 1062 ἀπόφασιν
767 948 826 1027 τής
841 938 956 1018 οὐσίας
972 948 1012 1062 πή
1024 941 1101 1063 6666
1112 943 1263 1026 φθίνονέ

309 1069 374 1122 τος.
401 1040 512 1127 τύχάυ
522 1041 558 1109 δε
574 1039 704 1107 τούτων
721 1038 920 1160 ἀμφοτέρων
935 1037 1009 1122 παρ’
1023 1042 1103 1125 ε’μου
1091 1044 1262 1105 Φαίνιπ-

311 1166 372 1222 πος
393 1138 469 1209 οὐδ’
497 1142 581 1219 είς
564 1143 680 1256 ετέραν
700 1146 770 1205 των
789 1135 925 1223 ήμερων
950 1138 1156 1225 ἀπήντησεν·
1189 1133 1258 1205 ἀλλ’

290 1238 475 1318 ἀνθινὰς
493 1238 554 1305 δύο
571 1237 696 1323 νόμους
714 1233 787 1322 ήκει
804 1233 889 1320 πρὸς
905 1233 992 1331 ύμάς
1009 1231 1260 1358 παραβεβηκώς,

311 1341 370 1406 ἕνα
380 1334 485 1423 μὲν“
451 1362 511 1404 τσυ
521 1334 700 1403 κελεύοντα
711 1331 959 1421 τριωνήμερων
974 1331 1030 1420 ἀφ’
1041 1325 1084 1420 63
1100 1360 1144 1400 αν
1152 1331 1262 1419 ομοση

310 1437 373 1522 τήν
379 1434 504 1504 οὐσίαν
514 1433 731 1553 ἀποφαίνειν,
749 1434 865 1517 ἕτερον
882 1431 968 1501 δέ’
935 1459 994 1501 τον
1006 1432 1186 1500 κελεύοντα
1197 1457 1262 1499 κυ-

310 1541 383 1617 ρίας
399 1532 536 1602 εἶναι’
500 1561 557 1612 τας
574 1531 657 1621 πρὸς
669 1531 832 1618 ἀλλήλους
843 1529 1078 1618 ὁμολογίας,
1057 1559 1096 1610 ας
1107 1527 1150 1598 ἀν
1161 1535 1261 1598 έναν·

270 1657 302 1710 13
310 1639 382 1701 τίον
400 1633 603 1718 ποιήσωνται
620 1630 808 1717 μαρτύρων.
840 1637 963 1715 καίτοι,
986 1657 1014 1697 ω
1002 1628 1149 1715 ’ἀνδρες
1166 1636 1261 1696 δικα-

311 1731 413 1817 σταὶ,
423 1737 472 1807 τίς
488 1727 551 1796 οὐκ
568 1727 694 1796 οἶδεν
677 1737 774 1815 υμῶν
790 1728 842 1796 ὅτι
854 1727 1006 1815 ὁμοίωςή
1016 1754 1052 1795 τε
1062 1730 1155 1818 ἐντῷ
1166 1727 1260 1815 νόμω

310 1831 520 1916 γεγραμμένη
532 1835 631 1915 κυρία
642 1826 760 1896 ἐστίν’
742 1831 847 1913 ημέρα
863 1825 952 1895 καλ“
933 1823 1032 1913 ηύπὸ
1049 1834 1117 1893 τῶν
1133 1821 1261 1892 ἀντιδί-

311 1955 381 1997 κων
401 1936 669 2013 συγχωρηθελσα;
694 1926 852 2004 πολλάκις
872 1924 937 2009 γάρ
958 1930 995 1992 έν
1013 1951 1048 1991 τε
1065 1939 1133 2003 τοῖς
1144 1924 1260 2009 νόμοις

312 2029 538 2112 γεγραμμένης
559 2033 753 2111 τριακοστῆς
773 2022 895 2111 ἡμέρας
915 2027 1029 2108 ἑτέραν
1049 2022 1129 2110 ήμῖν
1148 2021 1261 2102 αὐτοῖς

311 2124 580 2210 συγχωρήσαντες
591 2127 748 2209 ἐθέμεθα,
760 2125 851 2206 παρά
865 2150 901 2191 τε
912 2139 980 2204 ταῖς
991 2122 1104 2209 ἀρχαῖς
1115 2121 1257 2200 άπάσαις

275 2228 278 2243 ’
311 2225 366 2291 καὶ
377 2227 469 2301 δίκας
479 2225 534 2290 καὶ
544 2229 667 2306 κρίσεις
686 2219 930 2309 ἀναβάλλονται
942 2237 1013 2301 τοῖς
1032 2221 1209 2300 ἀντιδίκοις
1226 2225 1260 2289 oc
1269 2243 1306 2295 101

310 2321 467 2407 ἄρχοντες
477 2321 761 2407 συγχωρησάντων
771 2324 907 2389 ἐκείνων
917 2319 1087 2407 ἀλλήλοις·’
1108 2312 1157 2387 ὧν
1167 2329 1202 2389 ,ελ
1209 2346 1259 2399 τις

310 2419 439 2504 ἀκύρου
454 2416 611 2506 ἡγήσαιτο
629 2425 699 2488 δεῖν
717 2419 802 2488 εἶναι
818 2416 880 2506 τήν
900 2417 983 2505 πρὸς
994 2417 1157 2506 ἀλλήλους
1176 2417 1259 2505 ὁμο-

310 2528 443 2604 λογίαν,
465 2517 624 2603 μισήσαιτ’
646 2515 689 2586 ἀν
705 2517 810 2588 αὐτὸν
827 2517 872 2597 63
888 2517 1138 2606 ὑπερβάλλοντα
1155 2541 1260 2585 συκο-

268 2635 300 2688 14
310 2624 441 2705 φανείη.
478 2624 662 2696 Φαίνιππος
672 2625 804 2702 τοίνυν,
829 2615 938 2701 ὥσπερ
955 2626 1017 2686 τοῦ
1033 2617 1140 2704 νόμου
1153 2638 1259 2700 προσ-

308 2716 483 2795 τάττοντος
505 2731 611 2802 ποιείη
632 2718 735 2802 μηδὲν
757 2706 806 2783 οἷν
830 2711 874 2783 ἀν
895 2714 1083 2805 ὁμολογήση
1109 2743 1174 2800 τις,
1202 2715 1263 2784 ἀπ’

309 2819 435 2901 ἐκείνης
444 2822 502 2900 τῆς
513 2812 645 2900 ἡμέρας,
657 2811 714 2899 ἀφ’
726 2807 766 2900 63
783 2811 997 2902 ὡμολόγησεν
1008 2818 1063 2883 έπί
1069 2841 1104 2883 τε
1113 2814 1172 2893 τάς
1183 2819 1259 2882 δια-

309 2913 421 2990 λύσεις
432 2909 683 2998 ἀπαντήσεσθαι
693 2914 747 2980 καὶ
758 2911 820 2999 τήν
833 2910 1005 3000 ἀπόφασίν
1014 2939 1070 2999 μοι
1080 2911 1142 3000 τήν
1152 2911 1259 2982 αὑτοῦ

291 3005 293 3014 ’
310 3010 429 3078 δύσειν
442 3011 568 3096 καλιήν
580 3009 745 3097 παρ’ἐμοῦ
754 3013 931 3096 λήψεσθαι,
939 3009 1142 3081 οὐδεπώποτ’
1150 3008 1261 3097 ἀπήν-

310 3127 424 3193 τησεν·
449 3104 517 3176 ἀλλ’
539 3104 603 3192 έγά
620 3109 682 3195 μὲν
699 3110 812 3197 ἐπειδή
831 3112 951 3178 τούτου
968 3108 1080 3195 ἑύρων
1093 3109 1140 3178 ού
1153 3132 1261 3194 προσ-

312 3205 427 3290 έχοντά
438 3232 494 3290 μοι
504 3204 564 3275 τδν
574 3216 660 3275 νοῦν
672 3206 819 3279 ούδδῑ
766 3235 804 3276 το
806 3224 835 3288 ῑς
851 3209 1023 3295 νόμοις,ε
1007 3207 1104 3287 εἰς’
1068 3235 1106 3276 το
1119 3207 1261 3296 στρατή-

311 3328 385 3389 γιον
401 3303 560 3371 ἒδωκα“
524 3332 586 3393 την
600 3302 785 3427 ἀπόηιασιν,
810 3300 909 3386 οὗτος
926 3304 1002 3374 6'‘'
960 3331 1063 3393 ,οπερ
1080 3308 1136 3374 καὶ
1152 3313 1261 3394 μικρῷ

312 3401 475 3489 πρότερον
487 3402 591 3491 εἷπον,
605 3405 723 3494 πράην
732 3409 838 3476 ἔδωκέ
846 3432 903 3492 μοι
912 3412 1054 3493 βιβλίον,
1065 3402 1165 3473 οὐδὲν
1175 3404 1259 3472 ἀλλο

311 3498 547 3587 βουλόμενοςή
559 3508 671 3573 δοκεῖν
681 3506 742 3592 μὲν
753 3502 978 3573 δεδωκέναι“
942 3530 1003 3592 την
1014 3503 1202 3588 ἀπόφασιν,-
1214 3500 1259 3588 μή

311 3604 397 3684 ἔχειν
408 3603 447 3668 δέ
461 3627 502 3686 με
517 3617 584 3682 τοῖς
601 3604 696 3672 ἐν’
654 3613 746 3695 αυτῷ
761 3607 998 3691 γεγραμμένοις
1008 3601 1029 3672 6
1038 3630 1070 3670 τι
1079 3600 1258 3688 χρήσωμαι.

236 3721 301 3780 15
310 3724 372 3786 χρη
390 3698 441 3786 δ
461 3705 488 3768 6
475 3694 625 3787 ἀνδρες
644 3706 809 3788 δικασταὶ,
831 3702 876 3790 μή
893 3717 962 3782 τοῖς
972 3706 1189 3788 ἰσχυροτέραν
1199 3726 1261 3768 νο-
