3159 4409
539 498 681 560 ΠΡΟΣ
703 497 994 560 ΤΙΜΟΘΕΟΝ.
1179 498 1242 566 187
1280 566 1285 579 ,,

289 667 374 727 σίωντ
384 665 461 749 φίλω
474 660 621 746 χριόμενος
635 657 652 726 5
668 658 809 744 Τιμόθεος
821 663 905 764 ἔλαβε
919 658 986 744 παρ’
1000 658 1091 727 αότοῦ
1109 662 1241 772 χρήματα

289 741 405 852 καλόφε
405 725 477 809 ίλόον
489 748 520 809 ἐν
529 755 590 822 τοῖς
600 752 807 830 τραπεζιτικοῖς
815 742 935 828 λόγοιςὲ
934 747 1119 851 γγίγρατιται.
1140 777 1178 814 τα
1166 747 1240 831 μὲν

288 826 327 912 δή
344 830 442 894 πάντα
459 823 640 932 ὀφειλήματα
655 831 788 931 τέτταρα
787 837 1068 976 καταριθμεῖται,
1052 825 1097 912 ἐφ’
1116 831 1239 898 ἑκάστου
1257 894 1260 899 ,

288 916 383 990 δὲικαλ
393 909 461 989 τοὺς
472 907 702 997 χρόνουςκαί
670 939 722 989 τας
739 916 801 980 αίτί
771 939 849 993 τας,
866 908 953 989 δίας
970 915 1137 980 ἐδανείσατο
1151 917 1237 998 Τιμό-

287 1008 374 1079 θεος,
395 992 570 1083 άκριβῶς”
536 1022 644 1100 ειρηκε.
677 991 776 1061 καί
745 1023 797 1073 τας
813 998 868 1078 μὲν
883 1001 1017 1074 πλείστας
1034 992 1238 1078 άποδείξειςίκ
1251 1077 1253 1081 Ι

287 1089 348 1146 ττόν
363 1075 553 1185 καλουμένων
570 1074 699 1187 άτίχνων
715 1085 840 1145 πίστεων
855 1083 1048 1185 παρέσχηται,
1070 1110 1238 1187 μαρτυρίων

288 1168 339 1230 καί
330 1163 562 1275 πρρκλήσεων·
578 1162 661 1240 τινός
679 1164 712 1228 δὲ
728 1166 778 1228 καί
796 1161 975 1246 ἒντίχνονς’
959 1160 1018 1229 απδ
1031 1173 1091 1231 τῶν
1108 1165 1235 1232 εἰκότων.

288 1251 339 1312 καί
350 1245 367 1313 5
377 1251 432 1330 μὲν
439 1244 656 1354 Ἀπολλόδωρος
670 1245 818 1328 Τιμόθεον
834 1245 912 1311 είναί
919 1270 993 1330 φησι
1002 1243 1055 1312 τὸν
1065 1248 1236 1354 δανεισάμε-

285 1359 356 1415 νον,
378 1335 428 1397 καί
446 1341 508 1408 τοῖς
523 1329 581 1397 ὑπο
569 1329 768 1436 Τιμοθέου
761 1339 934 1395 συσταθεισι
947 1330 1125 1436 δοθῆναι
1097 1360 1130 1399 το
1144 1329 1236 1444 άργύ·

286 1441 353 1500 ριον
363 1412 422 1480 άπὸ
432 1442 484 1499 της
493 1417 646 1500 τραπέζης
664 1409 768 1479 ὁδὲ’
735 1439 788 1495 αοχ
800 1409 904 1478 ἑαυτου
909 1460 920 1495 ,
938 1410 999 1479 ἀλλ’
1013 1418 1028 1479 ί
1028 1413 1170 1493 κε’ίναος
1156 1422 1238 1498 σφεί-

284 1508 348 1565 λειν
359 1503 442 1585 λέγει

373 1744 505 1830 Μηδενλ
515 1740 611 1829 ὑμῶν
621 1741 762 1810 άπιστου
773 1743 941 1828 γενέσθω,
964 1736 992 1810 ολ
1007 1743 1127 1831 ἄνδρες
1143 1748 1237 1811 δικα-

285 1845 372 1926 σταί,
384 1867 400 1909 ε
401 1841 591 1932 ίΤιμόθεος
605 1837 790 1926 όφείλων’
769 1864 979 1961 αργμριου
948 1864 994 1908 τω
981 1843 1143 1931 πατρί
1112 1867 1158 1908 τω
1147 1845 1238 1932 ἐμῷ

286 1940 413 2060 φεύγει
423 1947 488 2006 νῦν
504 1935 559 2006 ὑπ’
573 1941 659 2025 ίμου
668 1939 794 2026 ταυτην
803 1935 867 2059 τήν
885 1908 989 2060 δίκήά.
1022 1937 1091 2007 ἀλλ’
1103 1938 1238 2008 ἐπειδάν

285 2034 372 2124 ὑμᾶς
393 2033 574 2124 άυαμνήσω
597 2036 658 2104 τόν
678 2063 714 2105 τε
734 2034 855 2157 καιρόν
871 2029 957 2104 ἐν
929 2064 956 2128 φ
972 2036 1009 2105 τό
1032 2036 1236 2124 συμβόλαιον
1245 2063 1312 2116 1185

285 2138 430 2222 ἐγένετο,
449 2137 504 2202 καί
521 2133 562 2202 τά
580 2136 755 2222 συμβάντα
767 2135 874 2225 τούτῳ
886 2138 923 2204 ἐν
932 2106 1047 2222 ίκείνω
1058 2143 1103 2225 τῷ
1115 2138 1236 2225 χρόνω,

284 2235 387 2301 nale
356 2239 387 2300 εί
385 2258 402 2310 ς
418 2228 502 2317 ὅσην
523 2229 667 2318 ἀπορίαν
684 2236 822 2319 κατέστη
844 2259 958 2319 ουτος,
981 2232 1054 2312 τόθ’
1070 2203 1237 2320 ήγήσεσθε

284 2331 345 2399 τὸν
355 2329 417 2417 μὲν
426 2328 628 2415 κατάρατόν
643 2329 724 2416 ἐμόν
741 2334 913 2416 βέλτιστον
923 2333 1081 2414 γενέσθαι
1092 2334 1165 2414 περί
1180 2340 1237 2398 Τι-

285 2429 425 2516 μόθεον,
436 2435 559 2495 τοῦτον
570 2424 602 2493 δ’
615 2425 657 2494 ού
669 2429 713 2512 μό
717 2453 779 2495 νου
791 2424 970 2511 ἀχάριστον
981 2427 1075 2511 εἶναι,
1087 2425 1171 2495 άλλὰ
1182 2431 1238 2497 καί

258 2524 491 2600 εάδικοίτατον
509 2525 645 2592 πάντων
665 2523 875 2609 ἀνθρώπων,
903 2522 941 2602 ὅς
960 2549 998 2608 γε
1017 2523 1128 2609 τυχών
1147 2523 1236 2612 παρὰ

283 2633 346 2695 τοῦ
363 2624 486 2712 πατρός
502 2632 564 2693 τοῦ
583 2629 664 2710 ἐμοῦ
681 2623 773 2692 ὅσων
789 2622 911 2709 ἐδεήθη
929 2624 984 2690 καλ
1001 2619 1115 2709 λαβών
1131 2620 1237 2709 άργό-

286 2750 362 2812 ριον
372 2722 437 2793 άπὸ
449 2732 507 2811 τῆς
516 2727 685 2812 τραπέζης,
705 2726 742 2791 ἐν
751 2730 860 2811 πολλή
869 2719 990 2811 άπορίηι
1000 2725 1055 2791 καί
1065 2723 1238 2802 κινδύνοις

284 2830 526 2910 τοῑςμεγίστοις
543 2820 757 2908 καθεστηκός
776 2823 1049 2908 περὶτήςψυχής,
1076 2818 1119 2888 ού
1129 2821 1238 2906 μόνον

285 2921 349 2991 οὐκ
361 2920 510 2991 άπέδωκε
521 2924 636 3009 χάριν,
659 2921 743 2990 ἀλλὰ
759 2924 815 2989 καί
832 2920 869 2989 τό
889 2923 993 2990 δοθὲν
1001 2921 1177 3008 άποστερεῑ
1185 2946 1235 3005 με.

284 3029 391 3089 καίτοι
411 3023 594 3106 σφαλέντος
610 3020 673 3107 μὲν
688 3020 812 3088 τούτου
829 3020 1002 3089 άπάλλυτο
1014 3022 1128 3109 καὶτῷ
1139 3019 1238 3103 πατρὶ
1342 3021 1346 3028 “

284 3129 332 3211 τῷ
353 3123 430 3211 ἐμῷ·
443 3118 480 3189 vo*
504 3120 726 3207 συμβόλαιον·
760 3121 838 3188 οὔτε
854 3118 917 3206 γάρ
935 3116 982 3187 ἐπ’
995 3119 1141 3207 ἐνεχύρῳ
1160 3115 1236 3186 οὔτε

285 3219 366 3307 μετά
379 3219 558 3309 μαρτύρων
567 3225 684 3288 ἔδωκε·
708 3221 875 3298 σωθέντος
885 3219 920 3286 δὲ
930 3220 983 3285 ἐπὶ
993 3218 1100 3305 τούτῳ
1110 3220 1237 3302 ἐγίγνε-

256 3341 338 3404 3ου,
356 3316 455 3387 ὁπότε
472 3317 627 3405 βούλοιτο
643 3317 832 3406 εὐπορήσας
847 3315 928 3403 ἡμῖν
939 3316 1135 3384 άποδοῦυαι.
1166 3313 1235 3384 ἄλλ’

283 3418 383 3505 ὅμως,
397 3410 553 3503 οδάνδρες
564 3420 731 3504 δικασταὶ,
755 3416 797 3485 ού
808 3419 883 3503 περὶ
898 3410 1049 3495 πλείονος
1059 3416 1235 3505 ἐποιήσατο

284 3514 302 3584 5
321 3516 428 3603 πατήρ
443 3526 637 3601 περιουσίαν
653 3517 831 3604 χρημάτων
843 3522 969 3600 μᾶλλον
986 3509 1061 3601 ήού
1081 3517 1235 3602 Τιμοθέῳ

284 3612 504 3703 ὑπηρετῆσαι,
518 3608 566 3683 ὧν
576 3617 701 3702 ἐδεήθη
714 3612 837 3699 αὐτοῦ,
860 3616 897 3681 ἐν
907 3612 1027 3704 άπορίφ
1039 3611 1119 3683 όντι.
1151 3610 1233 3700 ᾤετο

283 3713 346 3799 μὲν
356 3706 429 3799 οὖν,
444 3706 600 3799 άάυδρες
612 3709 804 3800 δικασταλ,ό
816 3713 940 3800 πατήρ,
953 3718 983 3782 ελ
991 3719 1116 3797 σωθείη
1129 3707 1233 3793 Τιμό-
