3159 4409
545 454 1006 566 πνοεηπωπκνειν.
1210 499 1251 565 51

258 683 294 738 16
301 672 458 753 βοηθελν;
484 671 514 735 εί
523 665 584 751 μὲν
596 660 660 748 γάρ
673 659 719 747 ἐφ’
731 659 812 750 ἡμῖν
827 654 872 748 ἦν
890 661 973 729 ὥστε
991 667 1112 742 δείξασι
1122 661 1162 731 τά
1177 666 1250 751 περὶ

301 771 364 832 τοῦ
374 769 495 847 γένους
504 767 560 831 καὶ
569 771 628 848 της
645 766 880 847 διαμαρτυρίας
891 759 993 847 αὐτῆς
1004 768 1186 848 καταβῆναι
1196 764 1252 830 καὶ

302 861 445 949 μηδενὸς
461 867 508 930 ἐτι
524 868 676 938 πλείονος
693 859 797 944 λόγου
814 863 1050 944 προσδεῖσθαι,
1080 861 1199 945 σχεδόν
1220 886 1252 928 τι
1276 866 1277 871 ’

301 970 374 1028 τῶν
380 967 543 1047 μεγίστων
553 963 734 1044 εἰρημένων
741 955 803 1025 οὐκ
814 953 1082 1044 ἀνἠνωχλοῦμεν
1090 955 1129 1024 τά
1142 965 1250 1027 πλείω.

303 1057 412 1146 ἐπειδὴ
431 1060 467 1127 δὲ
483 1052 577 1127 οὗτοι
592 1073 660 1138 τοῖς
678 1057 738 1145 μὲν
760 1057 876 1143 νόμοις
893 1055 956 1124 οὐκ
973 1060 1247 1143 ἐνισχυριοῦνται,

302 1166 347 1246 τῷ
360 1158 396 1226 δέ
410 1161 647 1244 προειληφέναι
656 1183 688 1245 τι
705 1165 773 1224 των
784 1157 987 1242 πραγμάτων
998 1160 1033 1225 ἐκ
1044 1165 1107 1225 τοῦ
1118 1156 1253 1224 ἀνωθεν

302 1257 426 1343 χρόνον
439 1257 493 1323 καὶ
504 1264 552 1344 τῷ
563 1258 838 1342 ἐμβεβατευκέναι
849 1261 896 1333 είς
906 1253 969 1340 τὴν
980 1252 1116 1341 οὐσίαν,
1126 1255 1255 1332 τούτοις

302 1360 488 1441 τεκμηρίοις
498 1356 663 1441 χρεόμενοι
674 1355 822 1440 φήσουσι
831 1362 1061 1439 κληρονομεῖν,
1073 1352 1255 1441 ἀναγκαῖον

304 1463 382 1531 ἴσως
393 1456 448 1519 καὶ
464 1455 539 1537 περὶ
556 1453 686 1520 τούτων
704 1455 794 1520 ἐστὶν
811 1458 915 1519 εἰπεῖν
932 1454 987 1520 καὶ
1005 1457 1107 1536 δεῖξαι
1116 1453 1255 1532 τούτους
1282 1478 1284 1481 ·

303 1552 440 1619 πάντων
450 1549 643 1635 ἀνθρώπων
653 1549 863 1637 βιαιοτάτους
874 1549 980 1629 ὄντας.

257 1674 292 1730 17
391 1647 435 1715 Τδ
446 1647 511 1732 γάρ
523 1651 556 1727 ἐξ
568 1645 689 1733 ἀρχῆς,
700 1641 743 1736 ω’
761 1647 882 1742 ἀνδρες
899 1652 1066 1733 δικασταὶ,
1087 1629 1256 1717 ἐκδιδόασι

301 1745 366 1831 τὴν
376 1743 527 1830 ἀδελφὴν
536 1743 598 1831 την
610 1746 738 1813 ἑαυτῶν
749 1743 978 1834 ὁΜειδνλίδης
990 1749 1045 1815 καὶ
1057 1745 1255 1835 ὁἈρχιάδης

267 1897 272 1902 1
301 1843 507 1932 Λεωστράτῳ
523 1841 727 1933 Ἐλευσινίῳ·
756 1844 845 1931 μετά,
855 1845 891 1914 δὲ
907 1856 1010 1939 ταῦτα
1028 1850 1064 1915 ἐκ
1085 1847 1254 1934 θυγατρός
1265 1871 1333 1927 1086

301 1951 359 2028 τῆς
377 1945 569 2029 ἐκδοθείσης
585 1941 734 2030 ἀδελφῆς
756 1946 876 2031 ταύτης
895 1954 953 2032 της
974 1942 1086 2013 αὑτοῖν
1107 1952 1255 2031 γίγνεται

301 2042 499 2128 Λεωκράτης
517 2040 534 2108 ὁ
553 2040 892 2130 πατηρΛεωστράτου
909 2049 1059 2131 τουτουὶ,
1083 2050 1255 2126 σκέψασθε
1297 2071 1298 2078 “

303 2137 347 2218 ὡς
358 2138 539 2218 πολλοστὸς
550 2146 596 2218 είς
606 2141 669 2226 την
679 2150 741 2209 τοῦ
754 2139 931 2229 Ἀρχιάδου
942 2147 1137 2229 συγγένειαν
1149 2165 1256 2230 προσ-

255 2246 257 2251 ’
302 2239 405 2325 ήκων,
423 2232 564 2325 ὑπὲροῦ
580 2239 644 2324 τήν
656 2246 899 2326 διαμαρτυρίαν
910 2251 1091 2328 πεποίηται.
1125 2244 1255 2311 τούτων

304 2335 334 2404 δ’
354 2336 461 2415 οὕτως
479 2339 624 2422 ἐχόντων
641 2335 658 2405 ὁ
677 2341 737 2424 μὲν
752 2338 923 2424 Ἀρχιάδης
941 2340 1003 2407 οὐκ
1026 2342 1155 2426 ἐγάμει,
1177 2339 1195 2408 ὁ
1221 2341 1256 2408 δὲ

303 2441 508 2521 Μειδυλίδης
521 2433 538 2502 ὁ
551 2433 695 2521 ἀδελφός
706 2435 822 2522 αὐτοῦ,
842 2436 975 2515 πάππος
986 2440 1022 2505 δὲ
1033 2441 1167 2506 τουτουλ
1180 2444 1258 2523 ἐγη-

260 2563 295 2616 13
304 2561 374 2621 μεν.
407 2536 463 2601 καὶ
475 2532 608 2607 οὐδέπω
620 2531 684 2619 τήν
695 2533 815 2601 οὐσίαν
826 2536 1000 2619 ἐνέμοντο,
1019 2532 1089 2604 ἀλλ’
1103 2537 1258 2620 ἑκάτερος

304 2640 387 2721 ἔχων
398 2631 438 2701 τά
451 2633 550 2701 ίκιινά
563 2630 580 2700 ὁ
594 2631 655 2718 μὲν
666 2626 878 2719 Μειδυλίδης
888 2637 925 2702 έν
936 2641 983 2724 τῳ
994 2632 1085 2701 άστει
1096 2637 1256 2722 διέμενεν,

305 2732 323 2801 ὁ
336 2731 367 2800 δ’
377 2730 549 2818 Ἀρχιάδης
565 2735 602 2800 ἐν
613 2730 889 2821 Σαλαμῖνιρόκει.
923 2729 965 2800 οὐ
977 2741 1090 2824 πολλῳ
1100 2733 1136 2802 δὲ
1147 2733 1257 2822 χρόνῳ

304 2831 447 2917 ὕστερον
460 2831 645 2918 ἀποδημίας
656 2832 745 2910 τινδς
758 2838 803 2912 είς
813 2832 877 2920 τὴν
887 2831 1071 2920 ὑπερορίαν
1082 2833 1257 2919 συμβάσης

305 2940 351 3018 τῷ
361 2934 550 3018 Μειδυλίδη
563 2938 610 3015 τῷ
628 2932 751 3019 πάππῳ
768 2940 816 3020 τῳ
826 2938 887 2998 τοῦ
904 2932 1028 3017 πατρὸς
1044 2930 1259 3019 ἠρρώστησεν

305 3028 513 3115 ὁἈρχιάδης,
525 3033 580 3096 κοιλ
591 3038 727 3118 τελευτηί
740 3031 801 3099 τόν
812 3037 889 3119 βίον
899 3029 1044 3109 ἀπόντος
1054 3040 1116 3098 τοῦ
1126 3034 1258 3097 Μειδυ-

304 3133 400 3196 λίδου
415 3126 540 3213 ἀγαμος
559 3125 616 3195 ἀν.
649 3135 683 3196 τί
697 3129 821 3198 τοότον
839 3144 993 3216 σημεῖον;
1028 3130 1259 3217 λουτροφόρος

260 3243 295 3298 19
305 3229 484 3312 ἐφέστηκεν
496 3229 548 3295 ἐπὶ
558 3236 606 3313 τῳ
616 3235 677 3295 τοῦ
687 3227 860 3315 Ἀρχιάδου
870 3229 975 3316 τάφῳ.
996 3231 1034 3295 ἐν
1046 3229 1081 3296 δὲ
1093 3229 1198 3320 τοότῳ
1211 3236 1257 3320 τῷ

305 3334 409 3414 καιρῷ
433 3332 518 3411 ἔχων
538 3324 601 3415 τὴν
622 3336 680 3413 τῆς
700 3333 895 3413 συγγενείας
911 3331 968 3411 της
986 3325 1069 3413 πρὸς
1086 3335 1259 3412 γυναικῶν

306 3425 477 3511 πρόφασιν
492 3425 691 3512 Λεωκράτης
712 3424 729 3494 ὁ
752 3427 887 3494 τουτουὶ
910 3422 1017 3511 πατὴρ
1036 3427 1259 3514 Λεωστράτου

248 3541 249 3544 ’
307 3532 446 3594 εἰσποιεῖ
454 3521 558 3592 αὑτὸν
568 3524 645 3592 υίὸν
656 3534 703 3613 τῳ
711 3523 881 3610 Ἀρχιάδη,
900 3525 955 3591 καὶ
967 3524 1185 3612 ἐνεβάτευσεν
1197 3520 1260 3589 οὕ-

306 3652 368 3703 τως
380 3631 425 3704 είς
436 3622 498 3711 την
511 3623 630 3693 οὐσίαν
647 3623 691 3703 ὡς
703 3622 756 3692 ὑπ’
770 3626 901 3691 ἐκείνου
917 3628 1036 3703 ζῶντος
1050 3630 1097 3692 ἐτι
1109 3630 1258 3706 είσποιη-

307 3732 387 3804 θείς.
411 3723 612 3812 ἀφικόμενος
625 3722 657 3791 δ’
672 3721 903 3809 ὁΜειδυλίδης
913 3720 1098 3843 ήγανάκτεη
1098 3746 1132 3788 τε
1144 3726 1191 3809 τῷ
1200 3743 1262 3803 γε·
