3159 4409
316 484 359 550 82
519 486 598 543 XLV.
628 479 1045 542 ΔΗΜΟΣΘΕΝΟΥΣ

316 651 444 731 μᾶλλον
449 648 624 730 βοηθοῦσι·
636 646 816 726 Φορμίωνα
827 639 863 707 δὲ
873 639 974 707 πάλιν
985 639 1173 727 ἑύρακε,καί
1183 643 1266 710 τού-

315 768 361 831 τῳ
382 743 519 827 γέγονεν
541 745 677 823 οἰκεῖος,
702 741 736 817 ἐξ
755 735 942 824 Ἀθηναίων
964 737 1124 808 ἀπάντων
1143 749 1268 811 τοῦτον

245 833 249 838 ’
316 838 542 925 ἐκλεξάμενος,
563 841 618 905 καί
629 833 713 919 ὑπὲρ
728 836 850 903 τούτου
867 838 1069 924 πρεσβευτὴς
1085 840 1147 924 μὲν
1164 838 1267 930 ᾤχετο
1276 857 1334 914 1121

316 945 363 1018 είς
371 937 553 1018 Βυζάντιον
564 941 683 1021 πλέων,
693 932 792 1021 ι’γνίκα
801 939 922 1003 ἐκεῖνοι
930 936 970 1003 τοὶ
983 944 1081 1005 πλοῖα
1091 938 1131 1006 τά
1144 939 1268 1009 τούτου

315 1045 490 1122 κατέσχον,
508 1035 570 1122 τὴν
582 1036 617 1103 δὲ
635 1039 830 1121 δίκηνέλεγε
840 1032 902 1121 τὴν
911 1032 996 1121 πρὸς
1005 1040 1267 1125 Καλχηδονίους,

314 1134 355 1204 τά
373 1139 480 1220 ψευδῆ
497 1129 529 1200 δ’
547 1135 630 1219 ἐμοῦ
651 1140 805 1219 φανερῶς
821 1131 909 1200 ούτω
920 1134 1267 1222 καταμεμαρτύρηκεν.

271 1253 305 1308 65
315 1232 376 1304 εἷθ’
388 1230 424 1314 ὃς
436 1231 664 1318 εὐτυχούντων
674 1235 740 1300 ἐστὶ
750 1232 862 1313 κόλαξ,
874 1227 939 1298 κάν
948 1232 1106 1317 ἀτυχῶσι,
1124 1241 1191 1300 τῶν
1203 1232 1266 1302 αὐ-

313 1341 383 1403 τῶν
399 1332 529 1402 τούτων
548 1331 728 1419 προδότης,
750 1335 806 1400 καί
827 1340 897 1399 τῶν
913 1332 974 1417 μὲν
990 1331 1102 1400 ἀλλων
1120 1340 1267 1401 πολιτῶν

199 1441 203 1455 ’
315 1441 448 1501 πολλῶν
468 1434 523 1501 καί
544 1439 656 1501 καλῶν
678 1429 841 1516 κάγαθῶν
863 1427 972 1496 ὄντων
993 1430 1109 1514 μηδενί
1128 1429 1208 1516 μηδ’
1231 1434 1265 1512 ἐξ

315 1541 391 1600 ίσου
407 1539 537 1618 χρῆται,
559 1547 627 1611 τοῖς
644 1532 680 1601 δὲ
695 1528 857 1608 τοιούτοις
878 1527 1055 1615 ἐθελοντὴς
1075 1526 1264 1616 ὑποπίπτει,

315 1632 371 1697 καί
381 1627 451 1715 μήτ’
465 1640 497 1698 εί
504 1657 578 1698 τινα
588 1636 656 1698 τῶν
667 1637 797 1699 οίκείων
809 1627 960 1714 ἀδικήσει
971 1624 1042 1714 μη’τ’
1054 1634 1084 1695 εί
1094 1625 1184 1712 παρὰ
1195 1643 1265 1708 τοῖς
1322 1676 1328 1691 ,

217 1720 218 1729 ¹
315 1726 426 1804 ἀλλοις
437 1728 570 1812 φαύλην
589 1729 690 1807 δόξαν
707 1730 770 1808 ἕξει
784 1737 889 1796 ταῦτα
906 1735 1012 1796 ποιῶν
1022 1724 1091 1814 μήτ’
1104 1725 1185 1796 ἀλλο
1199 1755 1265 1815 μη·

317 1824 374 1893 &zv
385 1840 510 1908 σκοπεῖ,
523 1825 610 1911 πλην
622 1825 712 1905 ὅπως
723 1854 754 1893 τι
764 1828 866 1894 πλέον
877 1829 956 1914 ἕξει,
968 1835 1091 1895 τοῦτον
1102 1825 1145 1895 οὐ
1154 1843 1265 1914 μισεῖν

317 1922 361 2002 ῶς
378 1922 495 1991 κοινὸν
511 1922 635 2010 ἐχθρὸν
653 1933 711 2010 τῆς
728 1923 861 2010 φύσεως
880 1923 958 2011 ὅλης
975 1933 1033 2012 τῆς
1048 1922 1265 2013 ἀνθρωπίνης

269 2035 303 2090 66
316 2021 488 2107 προσήκει;
511 2020 601 2108 ἔγωγ’
616 2018 660 2090 ἀν
671 2029 783 2109 φαίην.
807 2031 910 2091 ταῦτα
921 2027 1033 2110 μέντοι
1044 2026 1085 2092 τά
1094 2020 1265 2114 τοσαύτην

314 2126 431 2207 ἔχοντα
441 2120 612 2208 αἰσχύνην,
626 2114 653 2190 οὐ
666 2119 980 2209 ἀνδρεςἉθηναλοι,
999 2124 1052 2191 ἐπὶ
1068 2123 1185 2213 τρίτην
1199 2125 1265 2193 πό-

315 2229 368 2307 λιν
392 2220 531 2306 φεύγειν
550 2222 606 2289 καί
624 2219 665 2288 τά
685 2217 767 2289 ὅντα
786 2219 1060 2303 ἀποκρύπτεσθαι
1079 2220 1266 2310 προῄρηται

314 2319 480 2407 πράττειν,
496 2317 538 2389 ἵν’
549 2324 701 2406 ἐργασίας
711 2319 850 2406 ἀφανεῖς
860 2317 914 2388 διά
924 2328 982 2406 τῆς
991 2323 1149 2405 τραπέζης
1164 2328 1266 2407 ποιῆ-

314 2447 368 2488 ται
379 2422 434 2488 καὶ
451 2420 532 2507 μήτε
548 2428 674 2507 χορηγῇ
690 2421 770 2506 μήτε
783 2426 964 2506 τριηραρχῇ
980 2415 1050 2504 μήτ’
1066 2417 1148 2486 ἀλλο
1159 2419 1265 2504 μηδὲν

316 2511 364 2586 ῶν
375 2517 535 2606 προσήκει
544 2527 633 2605 ποιῇ.
656 2521 711 2586 καὶ
720 2525 948 2606 κατείργασται
957 2525 1064 2585 τοῦτο.
1087 2517 1264 2604 τεκμήριον

315 2621 353 2685 δέ
360 2644 366 2656 ·
389 2624 471 2704 ἔχων
482 2617 546 2703 γάρ
560 2615 678 2686 οὐσίαν
689 2617 855 2710 τοσαύτην
866 2616 948 2685 ω”στε
965 2613 1084 2684 ἑκατὸν
1095 2623 1180 2702 μνᾶς
1189 2618 1264 2683 ἐπι-

316 2719 434 2784 δοῦναι
454 2726 495 2804 τῇ
514 2719 674 2804 θυγατρί,
698 2714 772 2784 οὐδ’
785 2713 946 2803 ἡντινοῦν
962 2717 1103 2802 ἑώραται
1112 2724 1267 2801 λειτουρ-

313 2821 390 2900 μίαν
400 2812 458 2897 ὐφ’
470 2812 566 2900 ὐμῶν
578 2824 796 2902 λειτουργῶν,
814 2814 893 2884 οὐδὲ
903 2815 964 2902 τήν
975 2818 1155 2902 ἐλαχίστην.
1187 2821 1269 2883 καί·

313 2938 365 2980 τοι
386 2912 479 3001 πόσῳ
507 2913 645 2982 κάλλιον
667 2912 947 3002 φιλοτιμούμενον
977 2915 1182 2999 ἐξετάζεσθαι
1206 2917 1265 2984 καί

314 3010 599 3098 προθυμούμενον
611 3019 657 3092 είς
668 3011 689 3080 ἀ
701 3019 752 3081 δεῖ
758 3021 799 3102 τῇ
811 3014 921 3100 πόλει,
934 3013 1193 3100 ἢκολακεύοντα
1207 3016 1264 3085 καὶ

313 3112 353 3180 τά
375 3119 483 3201 ψευδῆ
503 3123 751 3200 μαρτυροῦντας
772 3113 840 3183 ἀλλ’
860 3118 913 3185 ἐπὶ
928 3121 974 3203 τῶ
990 3120 1177 3197 κερδαίνειν
1194 3118 1286 3183 πῶν

268 3227 302 3282 67
313 3207 356 3279 ἀν
368 3206 464 3293 οὗτος
475 3215 652 3300 ποιήσειεν.
673 3217 728 3282 καί
736 3212 813 3301 μὴν,
825 3207 852 3282 ύ
862 3213 982 3300 ἀνδρες
990 3210 1170 3300 Ἀθηναῖοι,
1176 3221 1264 3299 μάλ-
1328 3276 1332 3283 .

313 3319 372 3377 λον
386 3309 478 3390 ἀξιον
489 3310 631 3399 ὀργίλως
642 3317 727 3399 ἔχειν
737 3328 805 3392 τοῖς
821 3311 885 3399 μετ’
900 3311 1057 3397 εὐπορίας
1071 3308 1263 3399 πονηροίςῆ

312 3421 380 3486 τοίς
395 3405 460 3492 μετ’
479 3412 614 3491 ἐνδείας.
646 3425 713 3490 τοῖς
729 3411 791 3498 μὲν
807 3409 871 3496 γάρ
888 3409 910 3496 ἡ
928 3420 986 3496 τῆς
1003 3409 1151 3497 ἀνάγκης
1167 3418 1262 3497 χρεία
1272 3424 1334 3480 1122

314 3508 407 3592 φέρει
417 3508 491 3573 τινά
503 3510 703 3597 συγγνώμην
715 3507 804 3595 παρά
818 3522 886 3586 τοῖς
902 3506 1124 3594 ἀνθρωπίνως
1134 3516 1263 3596 λογιζο-

313 3605 440 3690 μένοις·
478 3609 511 3672 οί
532 3605 564 3674 δ’
577 3612 613 3675 ἐκ
633 3615 834 3692 περιουσίας,
858 3605 969 3693 ῶσπερ
991 3600 1098 3693 οὗτος,
1121 3612 1262 3695 πονηροί

314 3701 473 3791 οὐδεμίαν
484 3706 655 3792 πρόφασιν
666 3711 797 3774 δικαίαν
809 3710 913 3789 ἔχοιεν
923 3701 968 3774 ἀν
988 3712 1102 3793 είιιείν,
1125 3705 1194 3775 ἀλλ’
1208 3713 1263 3775 αί-
