<?xml version="1.0" encoding="UTF-8"?>
<!DOCTYPE html PUBLIC "-//W3C//DTD XHTML 1.0 Transitional//EN"
    "http://www.w3.org/TR/xhtml1/DTD/xhtml1-transitional.dtd">
<html xmlns="http://www.w3.org/1999/xhtml" xml:lang="en" lang="en">
 <head>
  <title>
</title>
<meta http-equiv="Content-Type" content="text/html;charset=utf-8" />
  <meta name='ocr-system' content='tesseract 3.04.00' />
  <meta name='ocr-capabilities' content='ocr_page ocr_carea ocr_par ocr_line ocrx_word'/>
</head>
<body>
  <div class='ocr_page' id='page_1' title='image "./orationesexrece02demogoog_0214.png"; bbox 0 0 3159 4409; ppageno 0'>
   <div class='ocr_carea' id='block_1_1' title="bbox 310 482 1037 548">
    <p class='ocr_par' dir='ltr' id='par_1_1' title="bbox 310 482 1037 548">
     <span class='ocr_line' id='line_1_1' title="bbox 310 482 1037 548; baseline -0.004 0"><span class='ocrx_word' id='word_1_1' title='bbox 310 483 374 548; x_wconf 76' lang='lat'><strong><em>210</em></strong></span> <span class='ocrx_word' id='word_1_2' title='bbox 534 486 598 544; x_wconf 83' lang='lat' dir='ltr'>LIV.</span> <span class='ocrx_word' id='word_1_3' title='bbox 621 482 1037 545; x_wconf 72' lang='grc' dir='ltr'><em>ΔΗΜΟΣΘΕΝΟῬΣ</em></span> 
     </span>
    </p>
   </div>
   <div class='ocr_carea' id='block_1_2' title="bbox 208 639 1306 3790">
    <p class='ocr_par' dir='ltr' id='par_1_2' title="bbox 311 639 1263 925">
     <span class='ocr_line' id='line_1_2' title="bbox 311 639 1263 730; baseline -0.003 -19"><span class='ocrx_word' id='word_1_4' title='bbox 311 649 418 712; x_wconf 84' lang='grc' dir='ltr'><strong><em>καίτοι</em></strong></span> <span class='ocrx_word' id='word_1_5' title='bbox 434 646 489 712; x_wconf 84' lang='grc' dir='ltr'><strong><em>καὶ</em></strong></span> <span class='ocrx_word' id='word_1_6' title='bbox 506 643 635 711; x_wconf 90' lang='grc' dir='ltr'><strong><em>τούτων</em></strong></span> <span class='ocrx_word' id='word_1_7' title='bbox 647 639 727 726; x_wconf 79' lang='grc' dir='ltr'><strong><em>ἕτερ’</em></strong></span> <span class='ocrx_word' id='word_1_8' title='bbox 742 643 811 708; x_wconf 81' lang='grc' dir='ltr'><strong><em>ἐστὶ</em></strong></span> <span class='ocrx_word' id='word_1_9' title='bbox 827 646 1041 730; x_wconf 88' lang='grc' dir='ltr'><strong><em>πεπραγμένα</em></strong></span> <span class='ocrx_word' id='word_1_10' title='bbox 1050 642 1182 720; x_wconf 88' lang='grc' dir='ltr'><strong><em>τούτοις</em></strong></span> <span class='ocrx_word' id='word_1_11' title='bbox 1193 645 1263 709; x_wconf 89' lang='grc' dir='ltr'><strong><em>δει-</em></strong></span> 
     </span>
     <span class='ocr_line' id='line_1_3' title="bbox 312 733 1262 828; baseline -0.002 -18"><span class='ocrx_word' id='word_1_12' title='bbox 312 742 448 827; x_wconf 88' lang='grc' dir='ltr'><strong><em>νότερα,</em></strong></span> <span class='ocrx_word' id='word_1_13' title='bbox 470 739 539 808; x_wconf 76' lang='grc' dir='ltr'><strong><em>ἄλλ’</em></strong></span> <span class='ocrx_word' id='word_1_14' title='bbox 557 739 649 826; x_wconf 77' lang='grc' dir='ltr'><strong><em>ἡμεῖς</em></strong></span> <span class='ocrx_word' id='word_1_15' title='bbox 670 737 730 823; x_wconf 81' lang='grc' dir='ltr'><strong><em>ούχ</em></strong></span> <span class='ocrx_word' id='word_1_16' title='bbox 751 733 870 808; x_wconf 80' lang='grc' dir='ltr'><strong><em>οἷοίτε</em></strong></span> <span class='ocrx_word' id='word_1_17' title='bbox 891 739 1055 828; x_wconf 77' lang='grc' dir='ltr'><em>γενοίμεθ’</em></span> <span class='ocrx_word' id='word_1_18' title='bbox 1069 737 1114 808; x_wconf 89' lang='grc' dir='ltr'><strong><em>άυ</em></strong></span> <span class='ocrx_word' id='word_1_19' title='bbox 1135 741 1262 820; x_wconf 80' lang='grc' dir='ltr'><strong><em>πάντας</em></strong></span> 
     </span>
     <span class='ocr_line' id='line_1_4' title="bbox 311 837 779 925; baseline -0.013 -16"><span class='ocrx_word' id='word_1_20' title='bbox 311 844 454 924; x_wconf 79' lang='grc' dir='ltr'><strong><em>ἐξευρεῖν</em></strong></span> <span class='ocrx_word' id='word_1_21' title='bbox 464 838 542 917; x_wconf 85' lang='grc' dir='ltr'><strong><em>τούς</em></strong></span> <span class='ocrx_word' id='word_1_22' title='bbox 552 837 779 925; x_wconf 77' lang='grc' dir='ltr'><strong><em>ἠδικημένους.</em></strong></span> 
     </span>
    </p>

    <p class='ocr_par' dir='ltr' id='par_1_3' title="bbox 268 935 1263 1419">
     <span class='ocr_line' id='line_1_5' title="bbox 268 935 1262 1025; baseline 0.006 -24"><span class='ocrx_word' id='word_1_23' title='bbox 268 946 304 1001; x_wconf 82' lang='lat'><strong><em>38</em></strong></span> <span class='ocrx_word' id='word_1_24' title='bbox 386 936 431 1006; x_wconf 76' lang='grc' dir='ltr'><strong><em>Ὅ.</em></strong></span> <span class='ocrx_word' id='word_1_25' title='bbox 446 943 562 1006; x_wconf 81' lang='grc' dir='ltr'><strong><em>τοίνυν</em></strong></span> <span class='ocrx_word' id='word_1_26' title='bbox 583 937 719 1004; x_wconf 87' lang='grc' dir='ltr'><strong><em>πάντων</em></strong></span> <span class='ocrx_word' id='word_1_27' title='bbox 741 935 977 1006; x_wconf 74' lang='grc' dir='ltr'><strong><em>ἀναιδέστατον</em></strong></span> <span class='ocrx_word' id='word_1_28' title='bbox 1003 941 1135 1025; x_wconf 77' lang='grc' dir='ltr'><strong><em>μέλλειν</em></strong></span> <span class='ocrx_word' id='word_1_29' title='bbox 1156 937 1262 1006; x_wconf 80' lang='grc' dir='ltr'><strong><em>αὐτόν</em></strong></span> 
     </span>
     <span class='ocr_line' id='line_1_6' title="bbox 310 1032 1263 1123; baseline -0.001 -17"><span class='ocrx_word' id='word_1_30' title='bbox 310 1032 424 1106; x_wconf 83' lang='grc' dir='ltr'><strong><em>άιιούω</em></strong></span> <span class='ocrx_word' id='word_1_31' title='bbox 431 1050 549 1123; x_wconf 72' lang='grc' dir='ltr'><strong><em>ποιεῖν,</em></strong></span> <span class='ocrx_word' id='word_1_32' title='bbox 557 1040 820 1123; x_wconf 82' lang='grc' dir='ltr'><strong><em>βέλτιοννομίζω</em></strong></span> <span class='ocrx_word' id='word_1_33' title='bbox 826 1038 997 1119; x_wconf 83' lang='grc' dir='ltr'><strong><em>προειπεῖν</em></strong></span> <span class='ocrx_word' id='word_1_34' title='bbox 1004 1036 1082 1123; x_wconf 83' lang='grc' dir='ltr'><strong><em>ὑμῖν</em></strong></span> <span class='ocrx_word' id='word_1_35' title='bbox 1089 1036 1182 1104; x_wconf 79' lang='grc' dir='ltr'><strong><em>εἶναι.</em></strong></span> <span class='ocrx_word' id='word_1_36' title='bbox 1195 1063 1263 1122; x_wconf 85' lang='grc' dir='ltr'><strong><em>φα-</em></strong></span> 
     </span>
     <span class='ocr_line' id='line_1_7' title="bbox 311 1133 1263 1221; baseline 0 -18"><span class='ocrx_word' id='word_1_37' title='bbox 311 1138 344 1205; x_wconf 78' lang='grc' dir='ltr'><strong><em>σὶ</em></strong></span> <span class='ocrx_word' id='word_1_38' title='bbox 354 1136 418 1221; x_wconf 84' lang='grc' dir='ltr'><strong><em>γάρ</em></strong></span> <span class='ocrx_word' id='word_1_39' title='bbox 437 1134 737 1221; x_wconf 79' lang='grc' dir='ltr'><strong><em>παραστησάμενον</em></strong></span> <span class='ocrx_word' id='word_1_40' title='bbox 752 1133 832 1213; x_wconf 84' lang='grc' dir='ltr'><strong><em>τοῦς</em></strong></span> <span class='ocrx_word' id='word_1_41' title='bbox 842 1139 960 1213; x_wconf 81' lang='grc' dir='ltr'><strong><em>παῖδας</em></strong></span> <span class='ocrx_word' id='word_1_42' title='bbox 972 1133 1075 1203; x_wconf 87' lang='grc' dir='ltr'><strong><em>αύτὸν</em></strong></span> <span class='ocrx_word' id='word_1_43' title='bbox 1087 1134 1171 1203; x_wconf 81' lang='grc' dir='ltr'><strong><em>κατὰ</em></strong></span> <span class='ocrx_word' id='word_1_44' title='bbox 1182 1135 1263 1203; x_wconf 94' lang='grc' dir='ltr'><strong><em>τού-</em></strong></span> 
     </span>
     <span class='ocr_line' id='line_1_8' title="bbox 310 1231 1263 1321; baseline 0 -19"><span class='ocrx_word' id='word_1_45' title='bbox 310 1261 378 1302; x_wconf 89' lang='grc' dir='ltr'><strong><em>των</em></strong></span> <span class='ocrx_word' id='word_1_46' title='bbox 389 1231 556 1319; x_wconf 79' lang='grc' dir='ltr'><strong><em>ὀμεῖσθαι,</em></strong></span> <span class='ocrx_word' id='word_1_47' title='bbox 575 1234 629 1299; x_wconf 78' lang='grc' dir='ltr'><strong><em>καὶ</em></strong></span> <span class='ocrx_word' id='word_1_48' title='bbox 641 1231 723 1318; x_wconf 90' lang='grc' dir='ltr'><strong><em>άράς</em></strong></span> <span class='ocrx_word' id='word_1_49' title='bbox 740 1259 832 1311; x_wconf 89' lang='grc' dir='ltr'><strong><em>τινας</em></strong></span> <span class='ocrx_word' id='word_1_50' title='bbox 842 1232 953 1312; x_wconf 85' lang='grc' dir='ltr'><strong><em>δεινάς</em></strong></span> <span class='ocrx_word' id='word_1_51' title='bbox 962 1237 1017 1303; x_wconf 80' lang='grc' dir='ltr'><strong><em>καὶ</em></strong></span> <span class='ocrx_word' id='word_1_52' title='bbox 1027 1234 1171 1321; x_wconf 82' lang='grc' dir='ltr'><strong><em>χαλεπάς</em></strong></span> <span class='ocrx_word' id='word_1_53' title='bbox 1181 1239 1263 1304; x_wconf 83' lang='grc' dir='ltr'><strong><em>ἐπα-</em></strong></span> 
     </span>
     <span class='ocr_line' id='line_1_9' title="bbox 310 1328 1262 1419; baseline 0.002 -19"><span class='ocrx_word' id='word_1_54' title='bbox 310 1334 474 1417; x_wconf 75' lang='grc' dir='ltr'><strong><em>ράσεσθαι</em></strong></span> <span class='ocrx_word' id='word_1_55' title='bbox 486 1332 541 1400; x_wconf 84' lang='grc' dir='ltr'><strong><em>καὶ</em></strong></span> <span class='ocrx_word' id='word_1_56' title='bbox 551 1331 719 1416; x_wconf 83' lang='grc' dir='ltr'><strong><em>τοιαύτας,</em></strong></span> <span class='ocrx_word' id='word_1_57' title='bbox 733 1335 809 1409; x_wconf 84' lang='grc' dir='ltr'><strong><em>ὀίας</em></strong></span> <span class='ocrx_word' id='word_1_58' title='bbox 819 1328 971 1416; x_wconf 77' lang='grc' dir='ltr'><strong><em>άκηιιοοίς</em></strong></span> <span class='ocrx_word' id='word_1_59' title='bbox 980 1335 1020 1417; x_wconf 90' lang='grc' dir='ltr'><strong><em>γέ</em></strong></span> <span class='ocrx_word' id='word_1_60' title='bbox 1026 1360 1075 1415; x_wconf 86' lang='grc' dir='ltr'><strong><em>τις</em></strong></span> <span class='ocrx_word' id='word_1_61' title='bbox 1084 1332 1262 1419; x_wconf 76' lang='grc' dir='ltr'><strong><em>θαυμάσας</em></strong></span> 
     </span>
    </p>

    <p class='ocr_par' dir='ltr' id='par_1_4' title="bbox 283 1422 1306 1813">
     <span class='ocr_line' id='line_1_10' title="bbox 283 1423 1262 1520; baseline 0 -20"><span class='ocrx_word' id='word_1_62' title='bbox 283 1423 286 1429; x_wconf 50' lang='grc'>’</span> <span class='ocrx_word' id='word_1_63' title='bbox 310 1430 509 1519; x_wconf 76' lang='grc' dir='ltr'><strong><em>άπήγγειλευ</em></strong></span> <span class='ocrx_word' id='word_1_64' title='bbox 520 1428 608 1517; x_wconf 80' lang='grc' dir='ltr'><strong><em>ἡμῖν.</em></strong></span> <span class='ocrx_word' id='word_1_65' title='bbox 639 1434 706 1497; x_wconf 83' lang='grc' dir='ltr'><strong><em>ἔστι</em></strong></span> <span class='ocrx_word' id='word_1_66' title='bbox 718 1429 768 1517; x_wconf 71' lang='grc' dir='ltr'><strong><em>δὲ,</em></strong></span> <span class='ocrx_word' id='word_1_67' title='bbox 785 1429 943 1515; x_wconf 85' lang='grc' dir='ltr'><strong><em>ιιάνδρες</em></strong></span> <span class='ocrx_word' id='word_1_68' title='bbox 954 1435 1119 1520; x_wconf 79' lang='grc' dir='ltr'><strong><em>δικασταὶ,</em></strong></span> <span class='ocrx_word' id='word_1_69' title='bbox 1131 1431 1262 1500; x_wconf 87' lang='grc' dir='ltr'><strong><em>άνυπό-</em></strong></span> 
     </span>
     <span class='ocr_line' id='line_1_11' title="bbox 310 1528 1260 1619; baseline -0.002 -19"><span class='ocrx_word' id='word_1_70' title='bbox 310 1551 411 1600; x_wconf 90' lang='grc' dir='ltr'><strong><em>στατα</em></strong></span> <span class='ocrx_word' id='word_1_71' title='bbox 425 1530 486 1616; x_wconf 70' lang='grc' dir='ltr'><strong><em>μὲν</em></strong></span> <span class='ocrx_word' id='word_1_72' title='bbox 495 1528 536 1598; x_wconf 84' lang='grc' dir='ltr'><strong><em>τά</em></strong></span> <span class='ocrx_word' id='word_1_73' title='bbox 546 1538 682 1598; x_wconf 92' lang='grc' dir='ltr'><strong><em>τοιαῦτα</em></strong></span> <span class='ocrx_word' id='word_1_74' title='bbox 692 1529 899 1616; x_wconf 77' lang='grc' dir='ltr'><strong><em>τολμήματα·</em></strong></span> <span class='ocrx_word' id='word_1_75' title='bbox 923 1535 958 1597; x_wconf 87' lang='grc' dir='ltr'><strong><em>οί</em></strong></span> <span class='ocrx_word' id='word_1_76' title='bbox 973 1529 1037 1616; x_wconf 87' lang='grc' dir='ltr'><strong><em>γάρ</em></strong></span> <span class='ocrx_word' id='word_1_77' title='bbox 1049 1530 1140 1618; x_wconf 80' lang='grc' dir='ltr'><strong><em>οἶμαι</em></strong></span> <span class='ocrx_word' id='word_1_78' title='bbox 1151 1535 1260 1619; x_wconf 85' lang='grc' dir='ltr'><strong><em>βέλτι-</em></strong></span> 
     </span>
     <span class='ocr_line' id='line_1_12' title="bbox 310 1625 1258 1715; baseline -0.003 -16"><span class='ocrx_word' id='word_1_79' title='bbox 310 1651 380 1699; x_wconf 88' lang='grc' dir='ltr'><strong><em>στοι</em></strong></span> <span class='ocrx_word' id='word_1_80' title='bbox 397 1634 452 1697; x_wconf 84' lang='grc' dir='ltr'><strong><em>καὶ</em></strong></span> <span class='ocrx_word' id='word_1_81' title='bbox 467 1626 571 1715; x_wconf 77' lang='grc' dir='ltr'><strong><em>ἥκιστ’</em></strong></span> <span class='ocrx_word' id='word_1_82' title='bbox 591 1625 635 1696; x_wconf 84' lang='grc' dir='ltr'><strong><em>άυ</em></strong></span> <span class='ocrx_word' id='word_1_83' title='bbox 652 1626 750 1696; x_wconf 90' lang='grc' dir='ltr'><strong><em>αῦτοί</em></strong></span> <span class='ocrx_word' id='word_1_84' title='bbox 765 1654 796 1696; x_wconf 90' lang='grc' dir='ltr'><strong><em>τι</em></strong></span> <span class='ocrx_word' id='word_1_85' title='bbox 813 1629 1016 1714; x_wconf 78' lang='grc' dir='ltr'><strong><em>ψευσάμενοι</em></strong></span> <span class='ocrx_word' id='word_1_86' title='bbox 1039 1628 1172 1715; x_wconf 74' lang='grc' dir='ltr'><strong><em>μάλισθ’</em></strong></span> <span class='ocrx_word' id='word_1_87' title='bbox 1193 1627 1258 1697; x_wconf 86' lang='grc' dir='ltr'><strong><em>ῦπὸ</em></strong></span> 
     </span>
     <span class='ocr_line' id='line_1_13' title="bbox 309 1724 1306 1813; baseline -0.001 -19"><span class='ocrx_word' id='word_1_88' title='bbox 309 1736 377 1796; x_wconf 79' lang='grc' dir='ltr'><strong><em>τῶν</em></strong></span> <span class='ocrx_word' id='word_1_89' title='bbox 387 1728 548 1795; x_wconf 89' lang='grc' dir='ltr'><strong><em>τοιούτων</em></strong></span> <span class='ocrx_word' id='word_1_90' title='bbox 558 1731 796 1807; x_wconf 72' lang='grc' dir='ltr'><strong><em>ἐξαπατῶνται·</em></strong></span> <span class='ocrx_word' id='word_1_91' title='bbox 819 1724 861 1793; x_wconf 88' lang='grc' dir='ltr'><strong><em>ού</em></strong></span> <span class='ocrx_word' id='word_1_92' title='bbox 872 1727 939 1813; x_wconf 81' lang='grc' dir='ltr'><strong><em>μὴν</em></strong></span> <span class='ocrx_word' id='word_1_93' title='bbox 949 1725 1033 1794; x_wconf 84' lang='grc' dir='ltr'><strong><em>άλλά</em></strong></span> <span class='ocrx_word' id='word_1_94' title='bbox 1046 1731 1097 1795; x_wconf 82' lang='grc' dir='ltr'><strong><em>δεῖ</em></strong></span> <span class='ocrx_word' id='word_1_95' title='bbox 1106 1726 1189 1813; x_wconf 85' lang='grc' dir='ltr'><strong><em>πρὸς</em></strong></span> <span class='ocrx_word' id='word_1_96' title='bbox 1199 1726 1259 1795; x_wconf 89' lang='grc' dir='ltr'><strong><em>τὸν</em></strong></span> <span class='ocrx_word' id='word_1_97' title='bbox 1264 1749 1306 1804; x_wconf 70' lang='lat'><strong><em>125</em></strong></span> 
     </span>
    </p>

    <p class='ocr_par' dir='ltr' id='par_1_5' title="bbox 267 1823 1259 2801">
     <span class='ocr_line' id='line_1_14' title="bbox 267 1823 1259 1913; baseline 0.005 -24"><span class='ocrx_word' id='word_1_98' title='bbox 267 1833 385 1913; x_wconf 81' lang='grc' dir='ltr'><strong><em>39βίου</em></strong></span> <span class='ocrx_word' id='word_1_99' title='bbox 400 1825 523 1894; x_wconf 82' lang='grc' dir='ltr'><strong><em>καλτόν</em></strong></span> <span class='ocrx_word' id='word_1_100' title='bbox 541 1825 668 1910; x_wconf 81' lang='grc' dir='ltr'><strong><em>τρόπον</em></strong></span> <span class='ocrx_word' id='word_1_101' title='bbox 684 1823 932 1911; x_wconf 73' lang='grc' dir='ltr'><strong><em>ἀποβλέποντας</em></strong></span> <span class='ocrx_word' id='word_1_102' title='bbox 944 1825 1118 1896; x_wconf 82' lang='grc' dir='ltr'><strong><em>πιστεύειν.</em></strong></span> <span class='ocrx_word' id='word_1_103' title='bbox 1150 1825 1213 1912; x_wconf 78' lang='grc' dir='ltr'><strong><em>τὴν</em></strong></span> <span class='ocrx_word' id='word_1_104' title='bbox 1225 1826 1259 1894; x_wconf 74' lang='grc' dir='ltr'><strong><em>δὲ</em></strong></span> 
     </span>
     <span class='ocr_line' id='line_1_15' title="bbox 310 1922 1256 2013; baseline -0.001 -18"><span class='ocrx_word' id='word_1_105' title='bbox 310 1929 432 1996; x_wconf 93' lang='grc' dir='ltr'><strong><em>τούτου</em></strong></span> <span class='ocrx_word' id='word_1_106' title='bbox 443 1929 526 2013; x_wconf 88' lang='grc' dir='ltr'><strong><em>πρδς</em></strong></span> <span class='ocrx_word' id='word_1_107' title='bbox 535 1923 706 2004; x_wconf 77' lang='grc' dir='ltr'><strong><em>τάτοιαῦί</em></strong></span> <span class='ocrx_word' id='word_1_108' title='bbox 720 1922 899 2012; x_wconf 79' lang='grc' dir='ltr'><strong><em>ὀλιγωρίαν</em></strong></span> <span class='ocrx_word' id='word_1_109' title='bbox 910 1923 973 2011; x_wconf 77' lang='grc' dir='ltr'><strong><em>ἐγω</em></strong></span> <span class='ocrx_word' id='word_1_110' title='bbox 986 1924 1070 2012; x_wconf 85' lang='grc' dir='ltr'><strong><em>πρὸς</em></strong></span> <span class='ocrx_word' id='word_1_111' title='bbox 1080 1922 1167 2012; x_wconf 80' lang='grc' dir='ltr'><strong><em>ὑμᾶς</em></strong></span> <span class='ocrx_word' id='word_1_112' title='bbox 1177 1929 1242 2011; x_wconf 79' lang='grc' dir='ltr'><strong><em>ἐρῶ</em></strong></span> <span class='ocrx_word' id='word_1_113' title='bbox 1249 1951 1256 1965; x_wconf 87' lang='grc'>·</span> 
     </span>
     <span class='ocr_line' id='line_1_16' title="bbox 310 2019 1257 2110; baseline -0.001 -16"><span class='ocrx_word' id='word_1_114' title='bbox 310 2028 478 2110; x_wconf 80' lang='grc' dir='ltr'><strong><em>πέπυσμαι</em></strong></span> <span class='ocrx_word' id='word_1_115' title='bbox 487 2023 552 2108; x_wconf 86' lang='grc' dir='ltr'><strong><em>γάρ</em></strong></span> <span class='ocrx_word' id='word_1_116' title='bbox 563 2027 595 2103; x_wconf 80' lang='grc' dir='ltr'><strong><em>ἐξ</em></strong></span> <span class='ocrx_word' id='word_1_117' title='bbox 607 2020 759 2108; x_wconf 88' lang='grc' dir='ltr'><strong><em>άνάγκης.</em></strong></span> <span class='ocrx_word' id='word_1_118' title='bbox 783 2022 896 2091; x_wconf 84' lang='grc' dir='ltr'><strong><em>άκούω</em></strong></span> <span class='ocrx_word' id='word_1_119' title='bbox 906 2024 981 2110; x_wconf 85' lang='grc' dir='ltr'><strong><em>γάρ,</em></strong></span> <span class='ocrx_word' id='word_1_120' title='bbox 995 2019 1152 2110; x_wconf 76' lang='grc' dir='ltr'><strong><em>όάυδρες</em></strong></span> <span class='ocrx_word' id='word_1_121' title='bbox 1166 2029 1257 2093; x_wconf 82' lang='grc' dir='ltr'><strong><em>δικα·</em></strong></span> 
     </span>
     <span class='ocr_line' id='line_1_17' title="bbox 311 2120 1258 2210; baseline -0.002 -19"><span class='ocrx_word' id='word_1_122' title='bbox 311 2125 399 2210; x_wconf 84' lang='grc' dir='ltr'><strong><em>σταὶ,</em></strong></span> <span class='ocrx_word' id='word_1_123' title='bbox 410 2124 556 2210; x_wconf 86' lang='grc' dir='ltr'><strong><em>Βάκχιόν</em></strong></span> <span class='ocrx_word' id='word_1_124' title='bbox 566 2128 601 2191; x_wconf 85' lang='grc' dir='ltr'><strong><em>τέ</em></strong></span> <span class='ocrx_word' id='word_1_125' title='bbox 610 2148 699 2209; x_wconf 90' lang='grc' dir='ltr'><strong><em>τινα,</em></strong></span> <span class='ocrx_word' id='word_1_126' title='bbox 713 2120 749 2200; x_wconf 86' lang='grc' dir='ltr'><strong><em>δς</em></strong></span> <span class='ocrx_word' id='word_1_127' title='bbox 760 2121 834 2204; x_wconf 87' lang='grc' dir='ltr'><strong><em>παρ’</em></strong></span> <span class='ocrx_word' id='word_1_128' title='bbox 845 2120 925 2208; x_wconf 82' lang='grc' dir='ltr'><strong><em>ὑμῖν</em></strong></span> <span class='ocrx_word' id='word_1_129' title='bbox 936 2122 1094 2209; x_wconf 76' lang='grc' dir='ltr'><strong><em>ἀπέθανε,</em></strong></span> <span class='ocrx_word' id='word_1_130' title='bbox 1105 2127 1161 2191; x_wconf 78' lang='grc' dir='ltr'><strong><em>καὶ</em></strong></span> <span class='ocrx_word' id='word_1_131' title='bbox 1170 2121 1258 2207; x_wconf 85' lang='grc' dir='ltr'><strong><em>Ἀρι-</em></strong></span> 
     </span>
     <span class='ocr_line' id='line_1_18' title="bbox 312 2217 1257 2308; baseline -0.002 -18"><span class='ocrx_word' id='word_1_132' title='bbox 312 2223 496 2308; x_wconf 85' lang='grc' dir='ltr'><strong><em>στοιιράτηυ</em></strong></span> <span class='ocrx_word' id='word_1_133' title='bbox 519 2220 580 2290; x_wconf 90' lang='grc' dir='ltr'><strong><em>τόν</em></strong></span> <span class='ocrx_word' id='word_1_134' title='bbox 605 2218 685 2298; x_wconf 87' lang='grc' dir='ltr'><strong><em>τοῦς</em></strong></span> <span class='ocrx_word' id='word_1_135' title='bbox 712 2217 915 2306; x_wconf 71' lang='grc' dir='ltr'><strong><em>ὀφθαλμούς</em></strong></span> <span class='ocrx_word' id='word_1_136' title='bbox 935 2225 1185 2307; x_wconf 80' lang='grc' dir='ltr'><strong><em>διεφθαρμένου</em></strong></span> <span class='ocrx_word' id='word_1_137' title='bbox 1205 2222 1257 2288; x_wconf 82' lang='grc' dir='ltr'><strong><em>καὶ</em></strong></span> 
     </span>
     <span class='ocr_line' id='line_1_19' title="bbox 310 2317 1257 2407; baseline -0.006 -17"><span class='ocrx_word' id='word_1_138' title='bbox 310 2322 482 2399; x_wconf 83' lang='grc' dir='ltr'><strong><em>τοιούτους</em></strong></span> <span class='ocrx_word' id='word_1_139' title='bbox 492 2322 622 2407; x_wconf 83' lang='grc' dir='ltr'><strong><em>ἑτέρους</em></strong></span> <span class='ocrx_word' id='word_1_140' title='bbox 639 2321 694 2387; x_wconf 81' lang='grc' dir='ltr'><strong><em>καὶ</em></strong></span> <span class='ocrx_word' id='word_1_141' title='bbox 703 2318 849 2387; x_wconf 86' lang='grc' dir='ltr'><strong><em>Κόνωνα</em></strong></span> <span class='ocrx_word' id='word_1_142' title='bbox 866 2323 999 2387; x_wconf 76' lang='grc' dir='ltr'><strong><em>τουτονὶ</em></strong></span> <span class='ocrx_word' id='word_1_143' title='bbox 1016 2322 1165 2404; x_wconf 82' lang='grc' dir='ltr'><strong><em>ἑταίρους</em></strong></span> <span class='ocrx_word' id='word_1_144' title='bbox 1176 2317 1257 2386; x_wconf 78' lang='grc' dir='ltr'><strong><em>εἶναι</em></strong></span> 
     </span>
     <span class='ocr_line' id='line_1_20' title="bbox 310 2417 1258 2509; baseline -0.004 -21"><span class='ocrx_word' id='word_1_145' title='bbox 310 2420 464 2509; x_wconf 84' lang='grc' dir='ltr'><strong><em>μειράκια</em></strong></span> <span class='ocrx_word' id='word_1_146' title='bbox 475 2420 573 2498; x_wconf 81' lang='grc' dir='ltr'><strong><em>ὄντας</em></strong></span> <span class='ocrx_word' id='word_1_147' title='bbox 583 2421 638 2486; x_wconf 82' lang='grc' dir='ltr'><strong><em>καὶ</em></strong></span> <span class='ocrx_word' id='word_1_148' title='bbox 648 2417 852 2505; x_wconf 82' lang='grc' dir='ltr'><strong><em>Τριβαλλούς</em></strong></span> <span class='ocrx_word' id='word_1_149' title='bbox 864 2421 1055 2503; x_wconf 82' lang='grc' dir='ltr'><strong><em>ἐπωνυμίαν</em></strong></span> <span class='ocrx_word' id='word_1_150' title='bbox 1063 2421 1164 2502; x_wconf 82' lang='grc' dir='ltr'><strong><em>ἔχειν·</em></strong></span> <span class='ocrx_word' id='word_1_151' title='bbox 1179 2417 1258 2484; x_wconf 92' lang='grc' dir='ltr'><strong><em>τού-</em></strong></span> 
     </span>
     <span class='ocr_line' id='line_1_21' title="bbox 309 2514 1257 2601; baseline -0.004 -15"><span class='ocrx_word' id='word_1_152' title='bbox 309 2545 388 2598; x_wconf 90' lang='grc' dir='ltr'><strong><em>τους</em></strong></span> <span class='ocrx_word' id='word_1_153' title='bbox 399 2518 438 2586; x_wconf 89' lang='grc' dir='ltr'><strong><em>τά</em></strong></span> <span class='ocrx_word' id='word_1_154' title='bbox 448 2545 483 2586; x_wconf 86' lang='grc' dir='ltr'><strong><em>τε</em></strong></span> <span class='ocrx_word' id='word_1_155' title='bbox 489 2515 641 2585; x_wconf 82' lang='grc' dir='ltr'><strong><em>Ἑκαταῖα</em></strong></span> <span class='ocrx_word' id='word_1_156' title='bbox 651 2523 850 2601; x_wconf 78' lang='grc' dir='ltr'><strong><em>κατεσθίειν,</em></strong></span> <span class='ocrx_word' id='word_1_157' title='bbox 862 2519 917 2584; x_wconf 80' lang='grc' dir='ltr'><strong><em>καὶ</em></strong></span> <span class='ocrx_word' id='word_1_158' title='bbox 927 2515 1006 2593; x_wconf 84' lang='grc' dir='ltr'><strong><em>τούς</em></strong></span> <span class='ocrx_word' id='word_1_159' title='bbox 1016 2516 1123 2601; x_wconf 83' lang='grc' dir='ltr'><strong><em>ὄρχεις</em></strong></span> <span class='ocrx_word' id='word_1_160' title='bbox 1133 2514 1213 2594; x_wconf 81' lang='grc' dir='ltr'><strong><em>τοὺς</em></strong></span> <span class='ocrx_word' id='word_1_161' title='bbox 1223 2519 1257 2582; x_wconf 82' lang='grc' dir='ltr'><strong><em>ἐκ</em></strong></span> 
     </span>
     <span class='ocr_line' id='line_1_22' title="bbox 309 2612 1255 2705; baseline -0.003 -21"><span class='ocrx_word' id='word_1_162' title='bbox 309 2626 377 2685; x_wconf 77' lang='grc' dir='ltr'><strong><em>τοῖν</em></strong></span> <span class='ocrx_word' id='word_1_163' title='bbox 391 2625 529 2705; x_wconf 85' lang='grc' dir='ltr'><strong><em>χοίρων,</em></strong></span> <span class='ocrx_word' id='word_1_164' title='bbox 552 2612 600 2694; x_wconf 88' lang='grc' dir='ltr'><strong><em>οἷς</em></strong></span> <span class='ocrx_word' id='word_1_165' title='bbox 616 2624 839 2699; x_wconf 70' lang='grc' dir='ltr'><strong><em>καθαίρουσιν</em></strong></span> <span class='ocrx_word' id='word_1_166' title='bbox 855 2613 937 2682; x_wconf 84' lang='grc' dir='ltr'><strong><em>ὅταν</em></strong></span> <span class='ocrx_word' id='word_1_167' title='bbox 954 2619 1088 2681; x_wconf 75' lang='grc' dir='ltr'><strong><em>εἰσιέναι</em></strong></span> <span class='ocrx_word' id='word_1_168' title='bbox 1104 2616 1255 2700; x_wconf 87' lang='grc' dir='ltr'><strong><em>μέλλωσι,</em></strong></span> 
     </span>
     <span class='ocr_line' id='line_1_23' title="bbox 310 2710 1257 2801; baseline -0.004 -18"><span class='ocrx_word' id='word_1_169' title='bbox 310 2720 528 2799; x_wconf 78' lang='grc' dir='ltr'><strong><em>συλλέγοντας</em></strong></span> <span class='ocrx_word' id='word_1_170' title='bbox 541 2713 694 2798; x_wconf 73' lang='grc' dir='ltr'><strong><em>ἑκάστοτε</em></strong></span> <span class='ocrx_word' id='word_1_171' title='bbox 705 2719 916 2781; x_wconf 73' lang='grc' dir='ltr'><strong><em>συνδειπνεῖν</em></strong></span> <span class='ocrx_word' id='word_1_172' title='bbox 927 2710 1095 2799; x_wconf 84' lang='grc' dir='ltr'><strong><em>άλλήλοις,</em></strong></span> <span class='ocrx_word' id='word_1_173' title='bbox 1108 2715 1163 2780; x_wconf 80' lang='grc' dir='ltr'><strong><em>καὶ</em></strong></span> <span class='ocrx_word' id='word_1_174' title='bbox 1174 2716 1257 2801; x_wconf 72' lang='grc' dir='ltr'><strong><em>ῥᾷον</em></strong></span> 
     </span>
    </p>

    <p class='ocr_par' dir='ltr' id='par_1_6' title="bbox 268 2807 1257 3295">
     <span class='ocr_line' id='line_1_24' title="bbox 268 2807 1257 2900; baseline -0.005 -16"><span class='ocrx_word' id='word_1_175' title='bbox 268 2811 453 2900; x_wconf 70' lang='grc' dir='ltr'><strong><em>λοόμυύυαι</em></strong></span> <span class='ocrx_word' id='word_1_176' title='bbox 464 2815 518 2880; x_wconf 80' lang='grc' dir='ltr'><strong><em>καὶ</em></strong></span> <span class='ocrx_word' id='word_1_177' title='bbox 525 2815 689 2899; x_wconf 83' lang='grc' dir='ltr'><strong><em>ἐπιορκεῖν</em></strong></span> <span class='ocrx_word' id='word_1_178' title='bbox 699 2807 721 2897; x_wconf 76' lang='grc' dir='ltr'><strong><em>ἦ</em></strong></span> <span class='ocrx_word' id='word_1_179' title='bbox 732 2810 853 2879; x_wconf 84' lang='grc' dir='ltr'><strong><em>ὁτιοῦν.</em></strong></span> <span class='ocrx_word' id='word_1_180' title='bbox 877 2809 918 2879; x_wconf 92' lang='grc' dir='ltr'><strong><em>ού</em></strong></span> <span class='ocrx_word' id='word_1_181' title='bbox 930 2813 970 2898; x_wconf 78' lang='grc' dir='ltr'><strong><em>δη</em></strong></span> <span class='ocrx_word' id='word_1_182' title='bbox 981 2810 1131 2878; x_wconf 87' lang='grc' dir='ltr'><strong><em>Κόνωυὸ</em></strong></span> <span class='ocrx_word' id='word_1_183' title='bbox 1145 2819 1257 2880; x_wconf 91' lang='grc' dir='ltr'><strong><em>τοιοῦ-</em></strong></span> 
     </span>
     <span class='ocr_line' id='line_1_25' title="bbox 309 2908 1253 2998; baseline -0.002 -17"><span class='ocrx_word' id='word_1_184' title='bbox 309 2939 364 2991; x_wconf 91' lang='grc' dir='ltr'><strong><em>τος</em></strong></span> <span class='ocrx_word' id='word_1_185' title='bbox 375 2911 488 2989; x_wconf 87' lang='grc' dir='ltr'><strong><em>πιστός</em></strong></span> <span class='ocrx_word' id='word_1_186' title='bbox 499 2914 587 2978; x_wconf 81' lang='grc' dir='ltr'><strong><em>ἐστιν</em></strong></span> <span class='ocrx_word' id='word_1_187' title='bbox 598 2909 747 2997; x_wconf 90' lang='grc' dir='ltr'><strong><em>ὀμνύων·</em></strong></span> <span class='ocrx_word' id='word_1_188' title='bbox 761 2910 840 2980; x_wconf 75' lang='grc' dir='ltr'><strong><em>ούδδ</em></strong></span> <span class='ocrx_word' id='word_1_189' title='bbox 851 2919 978 2978; x_wconf 90' lang='grc' dir='ltr'><strong><em>πολλοῦ</em></strong></span> <span class='ocrx_word' id='word_1_190' title='bbox 988 2916 1051 2978; x_wconf 83' lang='grc' dir='ltr'><strong><em>δεῖ·</em></strong></span> <span class='ocrx_word' id='word_1_191' title='bbox 1064 2908 1132 2979; x_wconf 79' lang='grc' dir='ltr'><strong><em>ἀλλ’</em></strong></span> <span class='ocrx_word' id='word_1_192' title='bbox 1146 2908 1164 2978; x_wconf 91' lang='grc' dir='ltr'><strong><em>ὁ</em></strong></span> <span class='ocrx_word' id='word_1_193' title='bbox 1176 2908 1253 2998; x_wconf 86' lang='grc' dir='ltr'><strong><em>μηδ’</em></strong></span> 
     </span>
     <span class='ocr_line' id='line_1_26' title="bbox 310 3002 1253 3101; baseline 0.001 -23"><span class='ocrx_word' id='word_1_194' title='bbox 310 3009 452 3094; x_wconf 83' lang='grc' dir='ltr'><strong><em>εῦοριιον</em></strong></span> <span class='ocrx_word' id='word_1_195' title='bbox 463 3011 567 3096; x_wconf 71' lang='grc' dir='ltr'><strong><em>μηδὲν</em></strong></span> <span class='ocrx_word' id='word_1_196' title='bbox 577 3005 620 3078; x_wconf 81' lang='grc' dir='ltr'><strong><em>όῖυ</em></strong></span> <span class='ocrx_word' id='word_1_197' title='bbox 632 3009 755 3095; x_wconf 84' lang='grc' dir='ltr'><strong><em>ὀμόσας</em></strong></span> <span class='ocrx_word' id='word_1_198' title='bbox 773 3002 822 3077; x_wconf 85' lang='grc' dir='ltr'><strong><em>οὸυ</em></strong></span> <span class='ocrx_word' id='word_1_199' title='bbox 833 3008 876 3096; x_wconf 78' lang='grc' dir='ltr'><strong><em>μὴ</em></strong></span> <span class='ocrx_word' id='word_1_200' title='bbox 889 3015 1050 3094; x_wconf 67' lang='grc' dir='ltr'><strong><em>νομιξετε,</em></strong></span> <span class='ocrx_word' id='word_1_201' title='bbox 1068 3007 1152 3076; x_wconf 83' lang='grc' dir='ltr'><strong><em>κατά</em></strong></span> <span class='ocrx_word' id='word_1_202' title='bbox 1165 3011 1201 3079; x_wconf 75' lang='grc' dir='ltr'><strong><em>δὲ</em></strong></span> <span class='ocrx_word' id='word_1_203' title='bbox 1213 3007 1253 3101; x_wconf 75' lang='grc' dir='ltr'><em>δῇ</em></span> 
     </span>
     <span class='ocr_line' id='line_1_27' title="bbox 311 3104 1255 3196; baseline 0 -20"><span class='ocrx_word' id='word_1_204' title='bbox 311 3114 439 3176; x_wconf 78' lang='grc' dir='ltr'><strong><em>παίδων</em></strong></span> <span class='ocrx_word' id='word_1_205' title='bbox 456 3106 531 3195; x_wconf 89' lang='grc' dir='ltr'><strong><em>μηδ’</em></strong></span> <span class='ocrx_word' id='word_1_206' title='bbox 552 3104 596 3175; x_wconf 84' lang='grc' dir='ltr'><strong><em>άυ</em></strong></span> <span class='ocrx_word' id='word_1_207' title='bbox 615 3109 791 3196; x_wconf 76' lang='grc' dir='ltr'><strong><em>μελλήσας,</em></strong></span> <span class='ocrx_word' id='word_1_208' title='bbox 815 3107 898 3176; x_wconf 85' lang='grc' dir='ltr'><strong><em>α’λλά</em></strong></span> <span class='ocrx_word' id='word_1_209' title='bbox 920 3105 985 3176; x_wconf 81' lang='grc' dir='ltr'><strong><em>κάν</em></strong></span> <span class='ocrx_word' id='word_1_210' title='bbox 1001 3107 1116 3176; x_wconf 81' lang='grc' dir='ltr'><strong><em>ὁτιοῦν</em></strong></span> <span class='ocrx_word' id='word_1_211' title='bbox 1132 3108 1255 3186; x_wconf 73' lang='grc' dir='ltr'><strong><em>παθῶν</em></strong></span> 
     </span>
     <span class='ocr_line' id='line_1_28' title="bbox 312 3205 1257 3295; baseline 0.001 -21"><span class='ocrx_word' id='word_1_212' title='bbox 312 3210 484 3292; x_wconf 89' lang='grc' dir='ltr'><strong><em>πρότερον,</em></strong></span> <span class='ocrx_word' id='word_1_213' title='bbox 496 3212 526 3274; x_wconf 85' lang='grc' dir='ltr'><strong><em>εί</em></strong></span> <span class='ocrx_word' id='word_1_214' title='bbox 536 3205 567 3274; x_wconf 86' lang='grc' dir='ltr'><strong><em>δ’</em></strong></span> <span class='ocrx_word' id='word_1_215' title='bbox 582 3205 778 3295; x_wconf 80' lang='grc' dir='ltr'><strong><em>άυαγκαῖον,</em></strong></span> <span class='ocrx_word' id='word_1_216' title='bbox 792 3206 929 3295; x_wconf 88' lang='grc' dir='ltr'><strong><em>ὀμνύων</em></strong></span> <span class='ocrx_word' id='word_1_217' title='bbox 940 3205 983 3287; x_wconf 75' lang='grc' dir='ltr'><strong><em>ὡς</em></strong></span> <span class='ocrx_word' id='word_1_218' title='bbox 994 3206 1153 3295; x_wconf 88' lang='grc' dir='ltr'><strong><em>νόμιμον,</em></strong></span> <span class='ocrx_word' id='word_1_219' title='bbox 1166 3207 1257 3288; x_wconf 79' lang='grc' dir='ltr'><strong><em>άξιο·</em></strong></span> 
     </span>
    </p>

    <p class='ocr_par' dir='ltr' id='par_1_7' title="bbox 208 3303 1255 3491">
     <span class='ocr_line' id='line_1_29' title="bbox 208 3303 1254 3392; baseline 0.005 -24"><span class='ocrx_word' id='word_1_220' title='bbox 208 3343 210 3346; x_wconf 95' lang='grc'>-</span> <span class='ocrx_word' id='word_1_221' title='bbox 312 3306 501 3389; x_wconf 86' lang='grc' dir='ltr'><strong><em>πιστότερος</em></strong></span> <span class='ocrx_word' id='word_1_222' title='bbox 517 3314 579 3373; x_wconf 91' lang='grc' dir='ltr'><strong><em>τοῦ</em></strong></span> <span class='ocrx_word' id='word_1_223' title='bbox 595 3305 678 3374; x_wconf 83' lang='grc' dir='ltr'><strong><em>κατά</em></strong></span> <span class='ocrx_word' id='word_1_224' title='bbox 696 3315 763 3376; x_wconf 74' lang='grc' dir='ltr'><strong><em>τοῖν</em></strong></span> <span class='ocrx_word' id='word_1_225' title='bbox 780 3311 909 3374; x_wconf 84' lang='grc' dir='ltr'><strong><em>παίδων</em></strong></span> <span class='ocrx_word' id='word_1_226' title='bbox 923 3303 1110 3392; x_wconf 86' lang='grc' dir='ltr'><strong><em>ὀμνύοντος</em></strong></span> <span class='ocrx_word' id='word_1_227' title='bbox 1126 3308 1182 3374; x_wconf 80' lang='grc' dir='ltr'><strong><em>καὶ</em></strong></span> <span class='ocrx_word' id='word_1_228' title='bbox 1201 3305 1254 3374; x_wconf 85' lang='grc' dir='ltr'><strong><em>διά</em></strong></span> 
     </span>
     <span class='ocr_line' id='line_1_30' title="bbox 311 3403 1255 3491; baseline 0.006 -24"><span class='ocrx_word' id='word_1_229' title='bbox 311 3409 372 3468; x_wconf 91' lang='grc' dir='ltr'><strong><em>τοῦ</em></strong></span> <span class='ocrx_word' id='word_1_230' title='bbox 383 3405 494 3487; x_wconf 90' lang='grc' dir='ltr'><strong><em>πυρός.</em></strong></span> <span class='ocrx_word' id='word_1_231' title='bbox 526 3403 591 3491; x_wconf 73' lang='grc' dir='ltr'><strong><em>ἐγώ</em></strong></span> <span class='ocrx_word' id='word_1_232' title='bbox 606 3413 722 3474; x_wconf 89' lang='grc' dir='ltr'><strong><em>τοίνυν</em></strong></span> <span class='ocrx_word' id='word_1_233' title='bbox 738 3403 756 3474; x_wconf 91' lang='grc' dir='ltr'><strong><em>ὁ</em></strong></span> <span class='ocrx_word' id='word_1_234' title='bbox 776 3406 982 3490; x_wconf 85' lang='grc' dir='ltr'><strong><em>δικαιότερόν</em></strong></span> <span class='ocrx_word' id='word_1_235' title='bbox 992 3425 1054 3473; x_wconf 91' lang='grc' dir='ltr'><strong><em>σου</em></strong></span> <span class='ocrx_word' id='word_1_236' title='bbox 1066 3407 1255 3484; x_wconf 74' lang='grc' dir='ltr'><strong><em>πιστευθεὶς</em></strong></span> 
     </span>
    </p>

    <p class='ocr_par' dir='ltr' id='par_1_8' title="bbox 311 3497 1256 3591">
     <span class='ocr_line' id='line_1_31' title="bbox 311 3497 1256 3591; baseline 0.005 -25"><span class='ocrx_word' id='word_1_237' title='bbox 311 3497 356 3567; x_wconf 82' lang='grc' dir='ltr'><strong><em>άν</em></strong></span> <span class='ocrx_word' id='word_1_238' title='bbox 366 3502 448 3568; x_wconf 85' lang='grc' dir='ltr'><strong><em>κατά</em></strong></span> <span class='ocrx_word' id='word_1_239' title='bbox 459 3503 582 3591; x_wconf 91' lang='grc' dir='ltr'><strong><em>πάντα,</em></strong></span> <span class='ocrx_word' id='word_1_240' title='bbox 596 3498 771 3590; x_wconf 76' lang='grc' dir='ltr'><strong><em>οόΚόνωυ,</em></strong></span> <span class='ocrx_word' id='word_1_241' title='bbox 782 3502 931 3591; x_wconf 74' lang='grc' dir='ltr'><strong><em>ἠθέλησα</em></strong></span> <span class='ocrx_word' id='word_1_242' title='bbox 942 3502 1061 3590; x_wconf 90' lang='grc' dir='ltr'><strong><em>ὀμόσαι</em></strong></span> <span class='ocrx_word' id='word_1_243' title='bbox 1070 3508 1182 3591; x_wconf 79' lang='grc' dir='ltr'><strong><em>ταυτὶ,</em></strong></span> <span class='ocrx_word' id='word_1_244' title='bbox 1195 3503 1256 3589; x_wconf 80' lang='grc' dir='ltr'><strong><em>οὐχ</em></strong></span> 
     </span>
    </p>

    <p class='ocr_par' dir='ltr' id='par_1_9' title="bbox 309 3595 1255 3690">
     <span class='ocr_line' id='line_1_32' title="bbox 309 3595 1255 3690; baseline 0.002 -23"><span class='ocrx_word' id='word_1_245' title='bbox 309 3597 393 3685; x_wconf 72' lang='grc' dir='ltr'><strong><em>ὑπὲρ</em></strong></span> <span class='ocrx_word' id='word_1_246' title='bbox 404 3608 465 3666; x_wconf 92' lang='grc' dir='ltr'><strong><em>τοῦ</em></strong></span> <span class='ocrx_word' id='word_1_247' title='bbox 475 3601 518 3688; x_wconf 81' lang='grc' dir='ltr'><strong><em>μὴ</em></strong></span> <span class='ocrx_word' id='word_1_248' title='bbox 528 3607 645 3672; x_wconf 89' lang='grc' dir='ltr'><strong><em>δοῦναι</em></strong></span> <span class='ocrx_word' id='word_1_249' title='bbox 657 3608 751 3690; x_wconf 86' lang='grc' dir='ltr'><strong><em>δίκην</em></strong></span> <span class='ocrx_word' id='word_1_250' title='bbox 764 3595 813 3671; x_wconf 71' lang='grc' dir='ltr'><strong><em>οἷν</em></strong></span> <span class='ocrx_word' id='word_1_251' title='bbox 823 3600 978 3689; x_wconf 78' lang='grc' dir='ltr'><strong><em>ἠδίκηκα,</em></strong></span> <span class='ocrx_word' id='word_1_252' title='bbox 990 3604 1044 3670; x_wconf 79' lang='grc' dir='ltr'><strong><em>καὶ</em></strong></span> <span class='ocrx_word' id='word_1_253' title='bbox 1055 3599 1169 3671; x_wconf 87' lang='grc' dir='ltr'><strong><em>ὁτιοῦν</em></strong></span> <span class='ocrx_word' id='word_1_254' title='bbox 1180 3627 1255 3674; x_wconf 87' lang='grc' dir='ltr'><strong><em>ποι-</em></strong></span> 
     </span>
    </p>

    <p class='ocr_par' dir='ltr' id='par_1_10' title="bbox 310 3696 1251 3790">
     <span class='ocr_line' id='line_1_33' title="bbox 310 3696 1251 3790; baseline 0.004 -24"><span class='ocrx_word' id='word_1_255' title='bbox 310 3708 368 3786; x_wconf 81' lang='grc' dir='ltr'><strong><em>ιόυ,</em></strong></span> <span class='ocrx_word' id='word_1_256' title='bbox 381 3696 491 3785; x_wconf 75' lang='grc' dir='ltr'><strong><em>ὥσπερ</em></strong></span> <span class='ocrx_word' id='word_1_257' title='bbox 503 3698 557 3788; x_wconf 83' lang='grc' dir='ltr'><strong><em>σύ,</em></strong></span> <span class='ocrx_word' id='word_1_258' title='bbox 569 3700 635 3772; x_wconf 78' lang='grc' dir='ltr'><strong><em>ἀλλ’</em></strong></span> <span class='ocrx_word' id='word_1_259' title='bbox 648 3699 732 3789; x_wconf 79' lang='grc' dir='ltr'><strong><em>ὑπὲρ</em></strong></span> <span class='ocrx_word' id='word_1_260' title='bbox 741 3711 798 3789; x_wconf 80' lang='grc' dir='ltr'><strong><em>τῆς</em></strong></span> <span class='ocrx_word' id='word_1_261' title='bbox 808 3701 966 3788; x_wconf 76' lang='grc' dir='ltr'><strong><em>ἀληθείας</em></strong></span> <span class='ocrx_word' id='word_1_262' title='bbox 976 3705 1031 3772; x_wconf 84' lang='grc' dir='ltr'><strong><em>καὶ</em></strong></span> <span class='ocrx_word' id='word_1_263' title='bbox 1042 3700 1126 3789; x_wconf 72' lang='grc' dir='ltr'><strong><em>ὑπὲρ</em></strong></span> <span class='ocrx_word' id='word_1_264' title='bbox 1136 3711 1198 3770; x_wconf 91' lang='grc' dir='ltr'><strong><em>τοῦ</em></strong></span> <span class='ocrx_word' id='word_1_265' title='bbox 1206 3699 1251 3790; x_wconf 79' lang='grc' dir='ltr'><strong><em>μή</em></strong></span> 
     </span>
    </p>
   </div>
   <div class='ocr_carea' id='block_1_3' title="bbox 0 0 1584 4409">
    <p class='ocr_par' dir='ltr' id='par_1_11' title="bbox 0 0 1584 4409">
     <span class='ocr_line' id='line_1_34' title="bbox 0 0 1584 4409; baseline 0 0"><span class='ocrx_word' id='word_1_266' title='bbox 0 0 1584 4409; x_wconf 95' lang='lat' dir='ltr'><strong><em> </em></strong></span> 
     </span>
    </p>
   </div>
  </div>
 </body>
</html>
