<?xml version="1.0" encoding="UTF-8"?>
<!DOCTYPE html PUBLIC "-//W3C//DTD XHTML 1.0 Transitional//EN"
    "http://www.w3.org/TR/xhtml1/DTD/xhtml1-transitional.dtd">
<html xmlns="http://www.w3.org/1999/xhtml" xml:lang="en" lang="en">
 <head>
  <title>
</title>
<meta http-equiv="Content-Type" content="text/html;charset=utf-8" />
  <meta name='ocr-system' content='tesseract 3.04.00' />
  <meta name='ocr-capabilities' content='ocr_page ocr_carea ocr_par ocr_line ocrx_word'/>
</head>
<body>
  <div class='ocr_page' id='page_1' title='image "./orationesexrece02demogoog_0248.png"; bbox 0 0 3159 4409; ppageno 0'>
   <div class='ocr_carea' id='block_1_1' title="bbox 308 477 1052 560">
    <p class='ocr_par' dir='ltr' id='par_1_1' title="bbox 308 477 1052 560">
     <span class='ocr_line' id='line_1_1' title="bbox 308 477 1052 560; baseline -0.016 -10"><span class='ocrx_word' id='word_1_1' title='bbox 308 483 373 560; x_wconf 75' lang='lat'><strong><em>244</em></strong></span> <span class='ocrx_word' id='word_1_2' title='bbox 525 484 601 542; x_wconf 84' lang='lat' dir='ltr'>LVII.</span> <span class='ocrx_word' id='word_1_3' title='bbox 633 477 1052 542; x_wconf 70' lang='grc' dir='ltr'><em>ΔΗΜΟΣΘΕΝΟΤΣ</em></span> 
     </span>
    </p>
   </div>
   <div class='ocr_carea' id='block_1_2' title="bbox 310 635 1262 904">
    <p class='ocr_par' dir='ltr' id='par_1_2' title="bbox 310 635 1262 904">
     <span class='ocr_line' id='line_1_2' title="bbox 311 635 1262 733; baseline -0.012 -20"><span class='ocrx_word' id='word_1_4' title='bbox 311 651 493 733; x_wconf 75' lang='grc' dir='ltr'><strong><em>δημοτικῶς</em></strong></span> <span class='ocrx_word' id='word_1_5' title='bbox 503 649 743 729; x_wconf 78' lang='grc' dir='ltr'><strong><em>νομοθετῆσαι,</em></strong></span> <span class='ocrx_word' id='word_1_6' title='bbox 758 636 832 707; x_wconf 70' lang='grc' dir='ltr'><strong><em>ὥστ’</em></strong></span> <span class='ocrx_word' id='word_1_7' title='bbox 845 641 1054 724; x_wconf 73' lang='grc' dir='ltr'><strong><em>ἐψηφίσασθε</em></strong></span> <span class='ocrx_word' id='word_1_8' title='bbox 1065 638 1167 706; x_wconf 83' lang='grc' dir='ltr'><strong><em>πόλιν</em></strong></span> <span class='ocrx_word' id='word_1_9' title='bbox 1178 635 1262 704; x_wconf 74' lang='grc' dir='ltr'><strong><em>οἰνα-</em></strong></span> 
     </span>
     <span class='ocr_line' id='line_1_3' title="bbox 310 743 509 812; baseline -0.025 1"><span class='ocrx_word' id='word_1_10' title='bbox 310 743 509 812; x_wconf 77' lang='grc' dir='ltr'><strong><em>νεώσασθαι.</em></strong></span> 
     </span>
     <span class='ocr_line' id='line_1_4' title="bbox 696 842 955 904; baseline -0.015 0"><span class='ocrx_word' id='word_1_11' title='bbox 696 842 804 904; x_wconf 90' lang='grc' dir='ltr'><strong><em>ΝΟΜ</em></strong></span> <span class='ocrx_word' id='word_1_12' title='bbox 805 843 873 902; x_wconf 85' lang='grc' dir='ltr'><strong><em>ΟΣ.</em></strong></span> <span class='ocrx_word' id='word_1_13' title='bbox 953 864 955 867; x_wconf 93' lang='grc'><strong><em>·</em></strong></span> 
     </span>
    </p>
   </div>
   <div class='ocr_carea' id='block_1_3' title="bbox 217 932 1313 3786">
    <p class='ocr_par' dir='ltr' id='par_1_3' title="bbox 309 932 1260 1322">
     <span class='ocr_line' id='line_1_5' title="bbox 392 932 1259 1025; baseline -0.009 -19"><span class='ocrx_word' id='word_1_14' title='bbox 392 938 559 1025; x_wconf 84' lang='grc' dir='ltr'><strong><em>Προσήκει</em></strong></span> <span class='ocrx_word' id='word_1_15' title='bbox 575 943 692 1005; x_wconf 78' lang='grc' dir='ltr'><strong><em>τοίνυν</em></strong></span> <span class='ocrx_word' id='word_1_16' title='bbox 712 932 794 1022; x_wconf 81' lang='grc' dir='ltr'><strong><em>ὑμῖν</em></strong></span> <span class='ocrx_word' id='word_1_17' title='bbox 809 941 976 1021; x_wconf 73' lang='grc' dir='ltr'><strong><em>βοηθοῦσι</em></strong></span> <span class='ocrx_word' id='word_1_18' title='bbox 998 947 1066 1013; x_wconf 89' lang='grc' dir='ltr'><strong><em>τοῖς</em></strong></span> <span class='ocrx_word' id='word_1_19' title='bbox 1079 932 1201 1018; x_wconf 90' lang='grc' dir='ltr'><strong><em>νόμοις</em></strong></span> <span class='ocrx_word' id='word_1_20' title='bbox 1217 959 1259 1019; x_wconf 91' lang='grc' dir='ltr'><strong><em>μη</em></strong></span> 
     </span>
     <span class='ocr_line' id='line_1_6' title="bbox 309 1029 1260 1123; baseline -0.011 -16"><span class='ocrx_word' id='word_1_21' title='bbox 309 1065 388 1117; x_wconf 91' lang='grc' dir='ltr'><strong><em>τους</em></strong></span> <span class='ocrx_word' id='word_1_22' title='bbox 399 1041 636 1123; x_wconf 77' lang='grc' dir='ltr'><strong><em>ἐργαζομενους</em></strong></span> <span class='ocrx_word' id='word_1_23' title='bbox 647 1037 762 1116; x_wconf 83' lang='grc' dir='ltr'><strong><em>ξενους</em></strong></span> <span class='ocrx_word' id='word_1_24' title='bbox 773 1039 935 1120; x_wconf 75' lang='grc' dir='ltr'><strong><em>νομίζειν,</em></strong></span> <span class='ocrx_word' id='word_1_25' title='bbox 958 1029 1041 1099; x_wconf 80' lang='grc' dir='ltr'><strong><em>ἀλλὰ</em></strong></span> <span class='ocrx_word' id='word_1_26' title='bbox 1060 1030 1141 1109; x_wconf 77' lang='grc' dir='ltr'><strong><em>τοὺς</em></strong></span> <span class='ocrx_word' id='word_1_27' title='bbox 1159 1051 1260 1098; x_wconf 87' lang='grc' dir='ltr'><strong><em>συκο-</em></strong></span> 
     </span>
     <span class='ocr_line' id='line_1_7' title="bbox 310 1122 1260 1251; baseline -0.012 -46"><span class='ocrx_word' id='word_1_28' title='bbox 310 1163 519 1225; x_wconf 85' lang='grc' dir='ltr'><strong><em>φαντουυτας</em></strong></span> <span class='ocrx_word' id='word_1_29' title='bbox 529 1160 706 1222; x_wconf 90' lang='grc' dir='ltr'><strong><em>πονηρους</em></strong></span> <span class='ocrx_word' id='word_1_30' title='bbox 741 1135 826 1216; x_wconf 77' lang='grc' dir='ltr'><strong><em>ἐπεὶ,</em></strong></span> <span class='ocrx_word' id='word_1_31' title='bbox 850 1158 875 1201; x_wconf 82' lang='grc' dir='ltr'><strong><em>ω</em></strong></span> <span class='ocrx_word' id='word_1_32' title='bbox 864 1122 1102 1251; x_wconf 77' lang='grc' dir='ltr'><strong><em>Εὐβουλίδη,</em></strong></span> <span class='ocrx_word' id='word_1_33' title='bbox 1120 1133 1191 1196; x_wconf 84' lang='grc' dir='ltr'><strong><em>ἐστι</em></strong></span> <span class='ocrx_word' id='word_1_34' title='bbox 1207 1129 1260 1194; x_wconf 89' lang='grc' dir='ltr'><strong><em>και</em></strong></span> 
     </span>
     <span class='ocr_line' id='line_1_8' title="bbox 309 1221 1260 1360; baseline -0.012 -58"><span class='ocrx_word' id='word_1_35' title='bbox 309 1236 419 1322; x_wconf 78' lang='grc' dir='ltr'><strong><em>ἕτερος</em></strong></span> <span class='ocrx_word' id='word_1_36' title='bbox 432 1236 556 1321; x_wconf 80' lang='grc' dir='ltr'><strong><em>περὶ</em></strong></span> <span class='ocrx_word' id='word_1_37' title='bbox 516 1261 574 1360; x_wconf 80' lang='grc' dir='ltr'><strong><em>της</em></strong></span> <span class='ocrx_word' id='word_1_38' title='bbox 586 1232 702 1319; x_wconf 80' lang='grc' dir='ltr'><strong><em>αρμίας</em></strong></span> <span class='ocrx_word' id='word_1_39' title='bbox 713 1231 852 1318; x_wconf 93' lang='grc' dir='ltr'><strong><em>νόμος,</em></strong></span> <span class='ocrx_word' id='word_1_40' title='bbox 840 1256 866 1296; x_wconf 87' lang='grc' dir='ltr'><strong><em>ω</em></strong></span> <span class='ocrx_word' id='word_1_41' title='bbox 882 1225 982 1306; x_wconf 77' lang='grc' dir='ltr'><strong><em>αὐτὸς</em></strong></span> <span class='ocrx_word' id='word_1_42' title='bbox 992 1221 1144 1313; x_wconf 55' lang='lat' dir='ltr'><strong><em>&amp;toxosw</em></strong></span> <span class='ocrx_word' id='word_1_43' title='bbox 1117 1252 1165 1293; x_wconf 84' lang='grc' dir='ltr'><strong><em>ων</em></strong></span> <span class='ocrx_word' id='word_1_44' title='bbox 1177 1221 1260 1311; x_wconf 80' lang='grc' dir='ltr'><strong><em>ἡμᾶς</em></strong></span> 
     </span>
    </p>

    <p class='ocr_par' dir='ltr' id='par_1_4' title="bbox 217 1325 1313 3786">
     <span class='ocr_line' id='line_1_9' title="bbox 267 1325 1260 1420; baseline -0.017 -13"><span class='ocrx_word' id='word_1_45' title='bbox 267 1333 494 1419; x_wconf 75' lang='grc' dir='ltr'><strong><em>33τούςέργαζ</em></strong></span> <span class='ocrx_word' id='word_1_46' title='bbox 494 1335 635 1420; x_wconf 88' lang='grc' dir='ltr'><strong><em>ομένους</em></strong></span> <span class='ocrx_word' id='word_1_47' title='bbox 647 1330 841 1420; x_wconf 76' lang='grc' dir='ltr'><strong><em>διαβάλλεις.</em></strong></span> <span class='ocrx_word' id='word_1_48' title='bbox 875 1325 959 1395; x_wconf 79' lang='grc' dir='ltr'><strong><em>ολλλα</em></strong></span> <span class='ocrx_word' id='word_1_49' title='bbox 976 1351 1040 1412; x_wconf 80' lang='grc' dir='ltr'><strong><em>μορ</em></strong></span> <span class='ocrx_word' id='word_1_50' title='bbox 1057 1325 1202 1415; x_wconf 83' lang='grc' dir='ltr'><strong><em>τοσαύτη</em></strong></span> <span class='ocrx_word' id='word_1_51' title='bbox 1214 1350 1260 1402; x_wconf 91' lang='grc' dir='ltr'><strong><em>τις</em></strong></span> 
     </span>
     <span class='ocr_line' id='line_1_10' title="bbox 310 1423 1259 1518; baseline -0.011 -19"><span class='ocrx_word' id='word_1_52' title='bbox 310 1431 407 1518; x_wconf 84' lang='grc' dir='ltr'><strong><em>ατυχί</em></strong></span> <span class='ocrx_word' id='word_1_53' title='bbox 405 1459 426 1499; x_wconf 91' lang='grc' dir='ltr'><strong><em>α</em></strong></span> <span class='ocrx_word' id='word_1_54' title='bbox 392 1433 509 1500; x_wconf 82' lang='grc' dir='ltr'><strong><em>ίέστὶ</em></strong></span> <span class='ocrx_word' id='word_1_55' title='bbox 537 1427 648 1518; x_wconf 76' lang='grc' dir='ltr'><strong><em>περὶ</em></strong></span> <span class='ocrx_word' id='word_1_56' title='bbox 630 1457 716 1518; x_wconf 87' lang='grc' dir='ltr'><strong><em>ημας</em></strong></span> <span class='ocrx_word' id='word_1_57' title='bbox 740 1436 806 1497; x_wconf 80' lang='grc' dir='ltr'><strong><em>νῦν</em></strong></span> <span class='ocrx_word' id='word_1_58' title='bbox 828 1426 913 1494; x_wconf 85' lang='grc' dir='ltr'><strong><em>ωστε</em></strong></span> <span class='ocrx_word' id='word_1_59' title='bbox 935 1426 1041 1514; x_wconf 77' lang='grc' dir='ltr'><strong><em>τούτῳ</em></strong></span> <span class='ocrx_word' id='word_1_60' title='bbox 1059 1423 1121 1511; x_wconf 66' lang='grc' dir='ltr'><strong><em>μὲν</em></strong></span> <span class='ocrx_word' id='word_1_61' title='bbox 1137 1428 1259 1504; x_wconf 81' lang='grc' dir='ltr'><strong><em>ἔξεστιν</em></strong></span> 
     </span>
     <span class='ocr_line' id='line_1_11' title="bbox 309 1522 1258 1616; baseline -0.009 -19"><span class='ocrx_word' id='word_1_62' title='bbox 309 1533 370 1610; x_wconf 84' lang='grc' dir='ltr'><strong><em>ἔξω</em></strong></span> <span class='ocrx_word' id='word_1_63' title='bbox 390 1537 452 1597; x_wconf 81' lang='grc' dir='ltr'><strong><em>τοῦ</em></strong></span> <span class='ocrx_word' id='word_1_64' title='bbox 475 1529 665 1616; x_wconf 76' lang='grc' dir='ltr'><strong><em>πράγματος</em></strong></span> <span class='ocrx_word' id='word_1_65' title='bbox 692 1536 900 1615; x_wconf 80' lang='grc' dir='ltr'><strong><em>βλασφημεῖν</em></strong></span> <span class='ocrx_word' id='word_1_66' title='bbox 931 1526 985 1592; x_wconf 80' lang='grc' dir='ltr'><strong><em>καὶ</em></strong></span> <span class='ocrx_word' id='word_1_67' title='bbox 1012 1522 1121 1591; x_wconf 80' lang='grc' dir='ltr'><strong><em>πάντα</em></strong></span> <span class='ocrx_word' id='word_1_68' title='bbox 1143 1535 1258 1607; x_wconf 81' lang='grc' dir='ltr'><strong><em>ποιεῖν,</em></strong></span> 
     </span>
     <span class='ocr_line' id='line_1_12' title="bbox 310 1619 1260 1714; baseline -0.008 -18"><span class='ocrx_word' id='word_1_69' title='bbox 310 1627 400 1707; x_wconf 83' lang='grc' dir='ltr'><strong><em>ὅπως</em></strong></span> <span class='ocrx_word' id='word_1_70' title='bbox 414 1624 555 1714; x_wconf 79' lang='grc' dir='ltr'><strong><em>μηδενός</em></strong></span> <span class='ocrx_word' id='word_1_71' title='bbox 571 1636 638 1696; x_wconf 69' lang='grc' dir='ltr'><strong><em>τοῖν</em></strong></span> <span class='ocrx_word' id='word_1_72' title='bbox 656 1632 795 1696; x_wconf 88' lang='grc' dir='ltr'><strong><em>δικαίων</em></strong></span> <span class='ocrx_word' id='word_1_73' title='bbox 810 1624 873 1711; x_wconf 76' lang='grc' dir='ltr'><strong><em>ἐμοὶ</em></strong></span> <span class='ocrx_word' id='word_1_74' title='bbox 891 1625 996 1711; x_wconf 81' lang='grc' dir='ltr'><strong><em>τύχω·</em></strong></span> <span class='ocrx_word' id='word_1_75' title='bbox 1019 1625 1090 1710; x_wconf 80' lang='grc' dir='ltr'><strong><em>ἐμοὶ</em></strong></span> <span class='ocrx_word' id='word_1_76' title='bbox 1107 1619 1140 1690; x_wconf 86' lang='grc' dir='ltr'><strong><em>δ’</em></strong></span> <span class='ocrx_word' id='word_1_77' title='bbox 1159 1625 1260 1701; x_wconf 82' lang='grc' dir='ltr'><strong><em>ἐπιτι-</em></strong></span> 
     </span>
     <span class='ocr_line' id='line_1_13' title="bbox 310 1716 1260 1811; baseline -0.001 -20"><span class='ocrx_word' id='word_1_78' title='bbox 310 1724 427 1811; x_wconf 78' lang='grc' dir='ltr'><strong><em>μησετε</em></strong></span> <span class='ocrx_word' id='word_1_79' title='bbox 439 1733 535 1810; x_wconf 75' lang='grc' dir='ltr'><strong><em>ἴσως,</em></strong></span> <span class='ocrx_word' id='word_1_80' title='bbox 556 1723 615 1791; x_wconf 81' lang='grc' dir='ltr'><strong><em>ἐόιν</em></strong></span> <span class='ocrx_word' id='word_1_81' title='bbox 627 1730 711 1811; x_wconf 80' lang='grc' dir='ltr'><strong><em>λέγω</em></strong></span> <span class='ocrx_word' id='word_1_82' title='bbox 723 1722 763 1793; x_wconf 85' lang='grc' dir='ltr'><strong><em>δν</em></strong></span> <span class='ocrx_word' id='word_1_83' title='bbox 776 1726 902 1810; x_wconf 89' lang='grc' dir='ltr'><strong><em>τρόπον</em></strong></span> <span class='ocrx_word' id='word_1_84' title='bbox 912 1716 1010 1803; x_wconf 78' lang='grc' dir='ltr'><strong><em>οὗτος</em></strong></span> <span class='ocrx_word' id='word_1_85' title='bbox 1021 1722 1191 1810; x_wconf 78' lang='grc' dir='ltr'><strong><em>ἐργάζεται</em></strong></span> <span class='ocrx_word' id='word_1_86' title='bbox 1201 1746 1260 1790; x_wconf 90' lang='grc' dir='ltr'><strong><em>πε-</em></strong></span> 
     </span>
     <span class='ocr_line' id='line_1_14' title="bbox 311 1819 1263 1910; baseline -0.003 -21"><span class='ocrx_word' id='word_1_87' title='bbox 311 1820 407 1909; x_wconf 75' lang='grc' dir='ltr'><strong><em>ριιοὲν</em></strong></span> <span class='ocrx_word' id='word_1_88' title='bbox 423 1825 459 1889; x_wconf 94' lang='grc' dir='ltr'><strong><em>ἐν</em></strong></span> <span class='ocrx_word' id='word_1_89' title='bbox 469 1829 510 1910; x_wconf 77' lang='grc' dir='ltr'><strong><em>τῇ</em></strong></span> <span class='ocrx_word' id='word_1_90' title='bbox 520 1822 630 1909; x_wconf 86' lang='grc' dir='ltr'><strong><em>πόλει,</em></strong></span> <span class='ocrx_word' id='word_1_91' title='bbox 651 1826 707 1891; x_wconf 82' lang='grc' dir='ltr'><strong><em>καὶ</em></strong></span> <span class='ocrx_word' id='word_1_92' title='bbox 724 1825 871 1903; x_wconf 81' lang='grc' dir='ltr'><strong><em>εἰκότως·</em></strong></span> <span class='ocrx_word' id='word_1_93' title='bbox 905 1822 927 1891; x_wconf 75' lang='grc' dir='ltr'><strong><em>δι’</em></strong></span> <span class='ocrx_word' id='word_1_94' title='bbox 943 1821 1008 1909; x_wconf 74' lang='grc' dir='ltr'><strong><em>γὰρ</em></strong></span> <span class='ocrx_word' id='word_1_95' title='bbox 1020 1819 1112 1908; x_wconf 81' lang='grc' dir='ltr'><strong><em>ὑμεῖς</em></strong></span> <span class='ocrx_word' id='word_1_96' title='bbox 1123 1831 1209 1905; x_wconf 85' lang='grc' dir='ltr'><strong><em>ίστε,</em></strong></span> <span class='ocrx_word' id='word_1_97' title='bbox 1231 1823 1263 1886; x_wconf 91' lang='grc' dir='ltr'><strong><em>τί</em></strong></span> 
     </span>
     <span class='ocr_line' id='line_1_15' title="bbox 311 1917 1260 2008; baseline -0.001 -20"><span class='ocrx_word' id='word_1_98' title='bbox 311 1923 491 2006; x_wconf 79' lang='grc' dir='ltr'><strong><em>δεῖλέμειν;</em></strong></span> <span class='ocrx_word' id='word_1_99' title='bbox 518 1933 666 1986; x_wconf 79' lang='grc' dir='ltr'><strong><em>σκοπεῖτε</em></strong></span> <span class='ocrx_word' id='word_1_100' title='bbox 685 1921 740 2005; x_wconf 82' lang='grc' dir='ltr'><strong><em>δή·</em></strong></span> <span class='ocrx_word' id='word_1_101' title='bbox 763 1927 883 2007; x_wconf 63' lang='grc' dir='ltr'><strong><em>νομιζω</em></strong></span> <span class='ocrx_word' id='word_1_102' title='bbox 904 1920 967 2007; x_wconf 77' lang='grc' dir='ltr'><strong><em>γὰρ</em></strong></span> <span class='ocrx_word' id='word_1_103' title='bbox 991 1917 1148 2006; x_wconf 77' lang='grc' dir='ltr'><strong><em>ἔγωγετὸ</em></strong></span> <span class='ocrx_word' id='word_1_104' title='bbox 1168 1923 1260 2008; x_wconf 73' lang='grc' dir='ltr'><strong><em>ἔντη</em></strong></span> 
     </span>
     <span class='ocr_line' id='line_1_16' title="bbox 310 2016 1260 2109; baseline 0.003 -22"><span class='ocrx_word' id='word_1_105' title='bbox 310 2016 417 2106; x_wconf 80' lang='grc' dir='ltr'><strong><em>ιἰγορηῖ</em></strong></span> <span class='ocrx_word' id='word_1_106' title='bbox 433 2016 519 2105; x_wconf 78' lang='grc' dir='ltr'><strong><em>ἡμᾶς</em></strong></span> <span class='ocrx_word' id='word_1_107' title='bbox 541 2017 735 2104; x_wconf 74' lang='grc' dir='ltr'><strong><em>ἐργάζεσθαι</em></strong></span> <span class='ocrx_word' id='word_1_108' title='bbox 755 2024 909 2104; x_wconf 80' lang='grc' dir='ltr'><strong><em>μέγιστον</em></strong></span> <span class='ocrx_word' id='word_1_109' title='bbox 930 2021 1014 2089; x_wconf 79' lang='grc' dir='ltr'><strong><em>εἶναι</em></strong></span> <span class='ocrx_word' id='word_1_110' title='bbox 1037 2035 1174 2109; x_wconf 87' lang='grc' dir='ltr'><strong><em>σημεῖον</em></strong></span> <span class='ocrx_word' id='word_1_111' title='bbox 1199 2024 1260 2090; x_wconf 76' lang='grc' dir='ltr'><strong><em>τοῦ</em></strong></span> 
     </span>
     <span class='ocr_line' id='line_1_17' title="bbox 268 2113 1313 2208; baseline 0 -22"><span class='ocrx_word' id='word_1_112' title='bbox 268 2133 302 2186; x_wconf 84' lang='lat'><strong><em>34</em></strong></span> <span class='ocrx_word' id='word_1_113' title='bbox 311 2122 442 2198; x_wconf 81' lang='grc' dir='ltr'><strong><em>ψευδεῖς</em></strong></span> <span class='ocrx_word' id='word_1_114' title='bbox 450 2113 529 2204; x_wconf 78' lang='grc' dir='ltr'><strong><em>ἡμῖν</em></strong></span> <span class='ocrx_word' id='word_1_115' title='bbox 538 2121 640 2195; x_wconf 81' lang='grc' dir='ltr'><strong><em>αἰτίας</em></strong></span> <span class='ocrx_word' id='word_1_116' title='bbox 651 2120 955 2204; x_wconf 82' lang='grc' dir='ltr'><strong><em>τοῦτονέπιφέρειν.</em></strong></span> <span class='ocrx_word' id='word_1_117' title='bbox 972 2117 1016 2207; x_wconf 77' lang='grc' dir='ltr'><strong><em>ἢν</em></strong></span> <span class='ocrx_word' id='word_1_118' title='bbox 1025 2118 1089 2208; x_wconf 79' lang='grc' dir='ltr'><strong><em>γάρ</em></strong></span> <span class='ocrx_word' id='word_1_119' title='bbox 1101 2139 1259 2206; x_wconf 86' lang='grc' dir='ltr'><strong><em>φησιται-</em></strong></span> <span class='ocrx_word' id='word_1_120' title='bbox 1266 2121 1313 2205; x_wconf 60' lang='lat' dir='ltr'><strong>m</strong></span> 
     </span>
     <span class='ocr_line' id='line_1_18' title="bbox 312 2213 1259 2305; baseline 0.004 -24"><span class='ocrx_word' id='word_1_121' title='bbox 312 2214 471 2282; x_wconf 88' lang='grc' dir='ltr'><strong><em>νιοπωλιν</em></strong></span> <span class='ocrx_word' id='word_1_122' title='bbox 482 2213 566 2280; x_wconf 81' lang='grc' dir='ltr'><strong><em>εἶναι</em></strong></span> <span class='ocrx_word' id='word_1_123' title='bbox 577 2215 631 2282; x_wconf 90' lang='grc' dir='ltr'><strong><em>και</em></strong></span> <span class='ocrx_word' id='word_1_124' title='bbox 641 2240 791 2298; x_wconf 87' lang='grc' dir='ltr'><strong><em>φαυεραν</em></strong></span> <span class='ocrx_word' id='word_1_125' title='bbox 804 2239 900 2302; x_wconf 91' lang='grc' dir='ltr'><strong><em>πασι,</em></strong></span> <span class='ocrx_word' id='word_1_126' title='bbox 923 2226 1067 2305; x_wconf 82' lang='grc' dir='ltr'><strong><em>προσῆκε</em></strong></span> <span class='ocrx_word' id='word_1_127' title='bbox 1086 2218 1259 2305; x_wconf 84' lang='grc' dir='ltr'><strong><em>δήπουθεν</em></strong></span> 
     </span>
     <span class='ocr_line' id='line_1_19' title="bbox 310 2309 1259 2432; baseline 0.002 -50.037"><span class='ocrx_word' id='word_1_128' title='bbox 310 2314 436 2392; x_wconf 75' lang='grc' dir='ltr'><strong><em>εἰδότας</em></strong></span> <span class='ocrx_word' id='word_1_129' title='bbox 448 2310 553 2398; x_wconf 80' lang='grc' dir='ltr'><strong><em>αὐτην</em></strong></span> <span class='ocrx_word' id='word_1_130' title='bbox 564 2309 743 2390; x_wconf 76' lang='grc' dir='ltr'><strong><em>πολλοδς“</em></strong></span> <span class='ocrx_word' id='word_1_131' title='bbox 720 2337 791 2399; x_wconf 91' lang='grc' dir='ltr'><strong><em>ητις</em></strong></span> <span class='ocrx_word' id='word_1_132' title='bbox 804 2314 870 2380; x_wconf 77' lang='grc' dir='ltr'><strong><em>ἐστὶ</em></strong></span> <span class='ocrx_word' id='word_1_133' title='bbox 879 2330 1067 2432; x_wconf 80' lang='grc' dir='ltr'><strong><em>μαρτυρεῖν,</em></strong></span> <span class='ocrx_word' id='word_1_134' title='bbox 1075 2318 1182 2383; x_wconf 79' lang='grc' dir='ltr'><strong><em>καὶ</em></strong></span> <span class='ocrx_word' id='word_1_135' title='bbox 1140 2344 1185 2403; x_wconf 87' lang='grc' dir='ltr'><strong><em>μη</em></strong></span> <span class='ocrx_word' id='word_1_136' title='bbox 1198 2316 1259 2409; x_wconf 90' lang='grc' dir='ltr'><strong><em>μό-</em></strong></span> 
     </span>
     <span class='ocr_line' id='line_1_20' title="bbox 309 2403 1257 2501; baseline 0.001 -20"><span class='ocrx_word' id='word_1_137' title='bbox 309 2439 372 2481; x_wconf 91' lang='grc' dir='ltr'><strong><em>νον</em></strong></span> <span class='ocrx_word' id='word_1_138' title='bbox 386 2410 501 2497; x_wconf 87' lang='grc' dir='ltr'><strong><em>ιἰκοην,</em></strong></span> <span class='ocrx_word' id='word_1_139' title='bbox 514 2409 579 2479; x_wconf 83' lang='grc' dir='ltr'><strong><em>αλλ’</em></strong></span> <span class='ocrx_word' id='word_1_140' title='bbox 597 2417 628 2478; x_wconf 89' lang='grc' dir='ltr'><strong><em>εί</em></strong></span> <span class='ocrx_word' id='word_1_141' title='bbox 637 2438 697 2498; x_wconf 88' lang='grc' dir='ltr'><strong><em>μεν</em></strong></span> <span class='ocrx_word' id='word_1_142' title='bbox 709 2403 817 2496; x_wconf 82' lang='grc' dir='ltr'><strong><em>ξένη</em></strong></span> <span class='ocrx_word' id='word_1_143' title='bbox 795 2439 848 2497; x_wconf 92' lang='grc' dir='ltr'><strong><em>ην,</em></strong></span> <span class='ocrx_word' id='word_1_144' title='bbox 860 2411 900 2479; x_wconf 80' lang='grc' dir='ltr'><strong><em>τὰ</em></strong></span> <span class='ocrx_word' id='word_1_145' title='bbox 911 2418 984 2501; x_wconf 83' lang='grc' dir='ltr'><strong><em>τέλη</em></strong></span> <span class='ocrx_word' id='word_1_146' title='bbox 994 2413 1254 2496; x_wconf 87' lang='grc' dir='ltr'><strong><em>έξετασαντας</em></strong></span> <span class='ocrx_word' id='word_1_147' title='bbox 1219 2441 1257 2482; x_wconf 91' lang='grc' dir='ltr'><strong><em>τα</em></strong></span> 
     </span>
     <span class='ocr_line' id='line_1_21' title="bbox 309 2507 1259 2600; baseline 0.003 -22"><span class='ocrx_word' id='word_1_148' title='bbox 309 2514 394 2579; x_wconf 89' lang='grc' dir='ltr'><strong><em>ἐν</em></strong></span> <span class='ocrx_word' id='word_1_149' title='bbox 356 2537 395 2597; x_wconf 89' lang='grc' dir='ltr'><strong><em>τη</em></strong></span> <span class='ocrx_word' id='word_1_150' title='bbox 407 2507 546 2597; x_wconf 80' lang='grc' dir='ltr'><strong><em>αγορᾷ,ε</em></strong></span> <span class='ocrx_word' id='word_1_151' title='bbox 532 2516 562 2577; x_wconf 89' lang='grc' dir='ltr'><strong><em>εί</em></strong></span> <span class='ocrx_word' id='word_1_152' title='bbox 572 2507 682 2589; x_wconf 85' lang='grc' dir='ltr'><strong><em>ξενικόι</em></strong></span> <span class='ocrx_word' id='word_1_153' title='bbox 692 2513 791 2577; x_wconf 79' lang='grc' dir='ltr'><strong><em>ἐτέλει</em></strong></span> <span class='ocrx_word' id='word_1_154' title='bbox 800 2513 854 2578; x_wconf 80' lang='grc' dir='ltr'><strong><em>καί</em></strong></span> <span class='ocrx_word' id='word_1_155' title='bbox 866 2507 1259 2600; x_wconf 82' lang='grc' dir='ltr'><strong><em>ποδαπὴηνέπιδεικνύν·</em></strong></span> 
     </span>
     <span class='ocr_line' id='line_1_22' title="bbox 309 2608 1258 2699; baseline 0.003 -22"><span class='ocrx_word' id='word_1_156' title='bbox 309 2635 381 2688; x_wconf 85' lang='grc' dir='ltr'><strong><em>τας·</em></strong></span> <span class='ocrx_word' id='word_1_157' title='bbox 403 2614 432 2675; x_wconf 84' lang='grc' dir='ltr'><strong><em>εἰ</em></strong></span> <span class='ocrx_word' id='word_1_158' title='bbox 442 2608 477 2675; x_wconf 77' lang='grc' dir='ltr'><strong><em>δέ</em></strong></span> <span class='ocrx_word' id='word_1_159' title='bbox 488 2609 602 2694; x_wconf 81' lang='grc' dir='ltr'><strong><em>δούλη,</em></strong></span> <span class='ocrx_word' id='word_1_160' title='bbox 616 2608 801 2694; x_wconf 80' lang='grc' dir='ltr'><strong><em>μάλιστα</em></strong></span> <span class='ocrx_word' id='word_1_161' title='bbox 766 2636 827 2695; x_wconf 87' lang='grc' dir='ltr'><strong><em>μευ</em></strong></span> <span class='ocrx_word' id='word_1_162' title='bbox 837 2608 896 2676; x_wconf 86' lang='grc' dir='ltr'><strong><em>τὸν</em></strong></span> <span class='ocrx_word' id='word_1_163' title='bbox 909 2632 1101 2698; x_wconf 88' lang='grc' dir='ltr'><strong><em>πριαμενον,</em></strong></span> <span class='ocrx_word' id='word_1_164' title='bbox 1114 2618 1145 2679; x_wconf 90' lang='grc' dir='ltr'><strong><em>εί</em></strong></span> <span class='ocrx_word' id='word_1_165' title='bbox 1155 2609 1244 2679; x_wconf 90' lang='grc' dir='ltr'><strong><em>δε</em></strong></span> <span class='ocrx_word' id='word_1_166' title='bbox 1203 2639 1258 2699; x_wconf 90' lang='grc' dir='ltr'><strong><em>μη,</em></strong></span> 
     </span>
     <span class='ocr_line' id='line_1_23' title="bbox 309 2703 1260 2798; baseline 0 -22"><span class='ocrx_word' id='word_1_167' title='bbox 309 2708 368 2776; x_wconf 78' lang='grc' dir='ltr'><strong><em>’τὸν</em></strong></span> <span class='ocrx_word' id='word_1_168' title='bbox 379 2703 587 2793; x_wconf 76' lang='grc' dir='ltr'><strong><em>ἀποδόμενον</em></strong></span> <span class='ocrx_word' id='word_1_169' title='bbox 597 2705 692 2794; x_wconf 81' lang='grc' dir='ltr'><strong><em>ἥκειν</em></strong></span> <span class='ocrx_word' id='word_1_170' title='bbox 704 2716 1028 2793; x_wconf 81' lang='grc' dir='ltr'><strong><em>καταμαρτυροῦντα,</em></strong></span> <span class='ocrx_word' id='word_1_171' title='bbox 1038 2715 1069 2776; x_wconf 89' lang='grc' dir='ltr'><strong><em>εί</em></strong></span> <span class='ocrx_word' id='word_1_172' title='bbox 1079 2712 1113 2777; x_wconf 77' lang='grc' dir='ltr'><strong><em>δὲ</em></strong></span> <span class='ocrx_word' id='word_1_173' title='bbox 1126 2710 1181 2798; x_wconf 77' lang='grc' dir='ltr'><strong><em>μη,</em></strong></span> <span class='ocrx_word' id='word_1_174' title='bbox 1193 2718 1260 2778; x_wconf 79' lang='grc' dir='ltr'><strong><em>τῶν</em></strong></span> 
     </span>
     <span class='ocr_line' id='line_1_24' title="bbox 310 2801 1258 2894; baseline -0.001 -20"><span class='ocrx_word' id='word_1_175' title='bbox 310 2804 529 2889; x_wconf 73' lang='grc' dir='ltr'><strong><em>ἄλλοντινὰ,</em></strong></span> <span class='ocrx_word' id='word_1_176' title='bbox 551 2801 573 2892; x_wconf 74' lang='grc' dir='ltr'><em>ἢ</em></span> <span class='ocrx_word' id='word_1_177' title='bbox 590 2804 634 2885; x_wconf 81' lang='grc' dir='ltr'><strong><em>ὡς</em></strong></span> <span class='ocrx_word' id='word_1_178' title='bbox 651 2807 849 2875; x_wconf 79' lang='grc' dir='ltr'><strong><em>ἐδούλευσεν</em></strong></span> <span class='ocrx_word' id='word_1_179' title='bbox 863 2803 886 2893; x_wconf 76' lang='grc' dir='ltr'><em>ἢ</em></span> <span class='ocrx_word' id='word_1_180' title='bbox 899 2806 943 2886; x_wconf 77' lang='grc' dir='ltr'><strong><em>ὦς</em></strong></span> <span class='ocrx_word' id='word_1_181' title='bbox 952 2805 1077 2894; x_wconf 74' lang='grc' dir='ltr'><strong><em>ἀφείθη</em></strong></span> <span class='ocrx_word' id='word_1_182' title='bbox 1090 2810 1258 2893; x_wconf 84' lang='grc' dir='ltr'><strong><em>ἐλευθέρα.</em></strong></span> 
     </span>
     <span class='ocr_line' id='line_1_25' title="bbox 311 2904 1258 2992; baseline 0.002 -20"><span class='ocrx_word' id='word_1_183' title='bbox 311 2913 376 2973; x_wconf 84' lang='grc' dir='ltr'><strong><em>νῦν</em></strong></span> <span class='ocrx_word' id='word_1_184' title='bbox 393 2905 427 2973; x_wconf 74' lang='grc' dir='ltr'><strong><em>δὲ</em></strong></span> <span class='ocrx_word' id='word_1_185' title='bbox 443 2904 572 2972; x_wconf 84' lang='grc' dir='ltr'><strong><em>τούτων</em></strong></span> <span class='ocrx_word' id='word_1_186' title='bbox 589 2905 650 2992; x_wconf 76' lang='grc' dir='ltr'><strong><em>μὲν</em></strong></span> <span class='ocrx_word' id='word_1_187' title='bbox 667 2904 836 2986; x_wconf 77' lang='grc' dir='ltr'><strong><em>ἀπέδειξεν</em></strong></span> <span class='ocrx_word' id='word_1_188' title='bbox 849 2904 966 2991; x_wconf 76' lang='grc' dir='ltr'><strong><em>οὐδὲν,</em></strong></span> <span class='ocrx_word' id='word_1_189' title='bbox 990 2906 1199 2992; x_wconf 86' lang='grc' dir='ltr'><strong><em>λελοιδόρηκε</em></strong></span> <span class='ocrx_word' id='word_1_190' title='bbox 1217 2904 1258 2992; x_wconf 85' lang='grc' dir='ltr'><strong><em>δ’,</em></strong></span> 
     </span>
     <span class='ocr_line' id='line_1_26' title="bbox 312 3002 1260 3092; baseline 0.001 -22"><span class='ocrx_word' id='word_1_191' title='bbox 312 3002 354 3082; x_wconf 78' lang='grc' dir='ltr'><strong><em>ὡς</em></strong></span> <span class='ocrx_word' id='word_1_192' title='bbox 365 3004 436 3090; x_wconf 80' lang='grc' dir='ltr'><strong><em>ἐμοὶ</em></strong></span> <span class='ocrx_word' id='word_1_193' title='bbox 450 3008 555 3088; x_wconf 85' lang='grc' dir='ltr'><strong><em>δοκεῖ,</em></strong></span> <span class='ocrx_word' id='word_1_194' title='bbox 573 3002 704 3072; x_wconf 73' lang='grc' dir='ltr'><strong><em>οόδὲνό</em></strong></span> <span class='ocrx_word' id='word_1_195' title='bbox 718 3031 749 3072; x_wconf 92' lang='grc' dir='ltr'><strong><em>τι</em></strong></span> <span class='ocrx_word' id='word_1_196' title='bbox 761 3004 810 3072; x_wconf 79' lang='grc' dir='ltr'><strong><em>οὔ.</em></strong></span> <span class='ocrx_word' id='word_1_197' title='bbox 843 3013 940 3074; x_wconf 83' lang='grc' dir='ltr'><strong><em>τοῦτο</em></strong></span> <span class='ocrx_word' id='word_1_198' title='bbox 953 3006 1017 3092; x_wconf 77' lang='grc' dir='ltr'><strong><em>γάρ</em></strong></span> <span class='ocrx_word' id='word_1_199' title='bbox 1027 3009 1117 3074; x_wconf 83' lang='grc' dir='ltr'><strong><em>ἐστιν</em></strong></span> <span class='ocrx_word' id='word_1_200' title='bbox 1129 3002 1147 3073; x_wconf 85' lang='grc' dir='ltr'>ὁ</span> <span class='ocrx_word' id='word_1_201' title='bbox 1159 3025 1260 3072; x_wconf 90' lang='grc' dir='ltr'><strong><em>συκο-</em></strong></span> 
     </span>
     <span class='ocr_line' id='line_1_27' title="bbox 311 3102 1259 3190; baseline 0.001 -21"><span class='ocrx_word' id='word_1_202' title='bbox 311 3102 452 3189; x_wconf 77' lang='grc' dir='ltr'><strong><em>φάντης,</em></strong></span> <span class='ocrx_word' id='word_1_203' title='bbox 477 3103 689 3171; x_wconf 77' lang='grc' dir='ltr'><strong><em>αἰτιάσασθαι</em></strong></span> <span class='ocrx_word' id='word_1_204' title='bbox 707 3104 769 3190; x_wconf 76' lang='grc' dir='ltr'><strong><em>μὲν</em></strong></span> <span class='ocrx_word' id='word_1_205' title='bbox 779 3105 887 3172; x_wconf 80' lang='grc' dir='ltr'><strong><em>πάντα</em></strong></span> <span class='ocrx_word' id='word_1_206' title='bbox 894 3157 904 3189; x_wconf 91' lang='grc'><strong><em>,</em></strong></span> <span class='ocrx_word' id='word_1_207' title='bbox 930 3108 1089 3190; x_wconf 80' lang='grc' dir='ltr'><strong><em>ἐξελέγξαι</em></strong></span> <span class='ocrx_word' id='word_1_208' title='bbox 1101 3103 1137 3170; x_wconf 73' lang='grc' dir='ltr'><strong><em>δὲ</em></strong></span> <span class='ocrx_word' id='word_1_209' title='bbox 1147 3107 1259 3189; x_wconf 90' lang='grc' dir='ltr'><strong><em>μηδέν.</em></strong></span> 
     </span>
     <span class='ocr_line' id='line_1_28' title="bbox 267 3200 1261 3291; baseline 0.001 -26"><span class='ocrx_word' id='word_1_210' title='bbox 267 3211 300 3265; x_wconf 83' lang='grc'><strong><em>35</em></strong></span> <span class='ocrx_word' id='word_1_211' title='bbox 311 3206 419 3268; x_wconf 79' lang='grc' dir='ltr'><strong><em>ἔπειτα</em></strong></span> <span class='ocrx_word' id='word_1_212' title='bbox 430 3201 563 3270; x_wconf 82' lang='grc' dir='ltr'><strong><em>κνῖκεῖνο</em></strong></span> <span class='ocrx_word' id='word_1_213' title='bbox 582 3204 655 3287; x_wconf 82' lang='grc' dir='ltr'><strong><em>περὶ</em></strong></span> <span class='ocrx_word' id='word_1_214' title='bbox 672 3209 729 3288; x_wconf 77' lang='grc' dir='ltr'><strong><em>τῆς</em></strong></span> <span class='ocrx_word' id='word_1_215' title='bbox 746 3202 868 3291; x_wconf 84' lang='grc' dir='ltr'><strong><em>μητρός</em></strong></span> <span class='ocrx_word' id='word_1_216' title='bbox 880 3213 1027 3290; x_wconf 86' lang='grc' dir='ltr'><strong><em>είρηκεν,</em></strong></span> <span class='ocrx_word' id='word_1_217' title='bbox 1049 3200 1100 3269; x_wconf 86' lang='grc' dir='ltr'><strong><em>ότι</em></strong></span> <span class='ocrx_word' id='word_1_218' title='bbox 1112 3203 1261 3268; x_wconf 89' lang='grc' dir='ltr'><strong><em>ἐτίτθευ-</em></strong></span> 
     </span>
     <span class='ocr_line' id='line_1_29' title="bbox 310 3297 1262 3389; baseline 0.003 -26"><span class='ocrx_word' id='word_1_219' title='bbox 310 3317 376 3364; x_wconf 90' lang='grc' dir='ltr'><strong><em>σεν.</em></strong></span> <span class='ocrx_word' id='word_1_220' title='bbox 408 3297 499 3386; x_wconf 79' lang='grc' dir='ltr'><strong><em>ἡμεῖς</em></strong></span> <span class='ocrx_word' id='word_1_221' title='bbox 517 3300 613 3386; x_wconf 74' lang='grc' dir='ltr'><strong><em>δέ,”</em></strong></span> <span class='ocrx_word' id='word_1_222' title='bbox 593 3327 647 3368; x_wconf 87' lang='grc' dir='ltr'><strong><em>οτε</em></strong></span> <span class='ocrx_word' id='word_1_223' title='bbox 664 3328 684 3387; x_wconf 90' lang='grc' dir='ltr'><strong><em>η</em></strong></span> <span class='ocrx_word' id='word_1_224' title='bbox 702 3299 831 3381; x_wconf 87' lang='grc' dir='ltr'><strong><em>πόλις’</em></strong></span> <span class='ocrx_word' id='word_1_225' title='bbox 813 3303 924 3389; x_wconf 82' lang='grc' dir='ltr'><strong><em>ητόχει</em></strong></span> <span class='ocrx_word' id='word_1_226' title='bbox 941 3305 996 3369; x_wconf 80' lang='grc' dir='ltr'><strong><em>καὶ</em></strong></span> <span class='ocrx_word' id='word_1_227' title='bbox 1015 3326 1136 3380; x_wconf 88' lang='grc' dir='ltr'><strong><em>παντες</em></strong></span> <span class='ocrx_word' id='word_1_228' title='bbox 1152 3326 1262 3379; x_wconf 88' lang='grc' dir='ltr'><strong><em>κακως</em></strong></span> 
     </span>
     <span class='ocr_line' id='line_1_30' title="bbox 310 3396 1262 3518; baseline 0.008 -59"><span class='ocrx_word' id='word_1_229' title='bbox 310 3399 487 3518; x_wconf 80' lang='grc' dir='ltr'><strong><em>ἔπραττον,</em></strong></span> <span class='ocrx_word' id='word_1_230' title='bbox 501 3396 563 3467; x_wconf 84' lang='grc' dir='ltr'><strong><em>οὐκ</em></strong></span> <span class='ocrx_word' id='word_1_231' title='bbox 575 3398 771 3485; x_wconf 85' lang='grc' dir='ltr'><strong><em>αρνοόμεθα</em></strong></span> <span class='ocrx_word' id='word_1_232' title='bbox 781 3410 878 3469; x_wconf 79' lang='grc' dir='ltr'><strong><em>τοῦτο</em></strong></span> <span class='ocrx_word' id='word_1_233' title='bbox 889 3402 1061 3486; x_wconf 80' lang='grc' dir='ltr'><strong><em>γενέσθαι</em></strong></span> <span class='ocrx_word' id='word_1_234' title='bbox 1084 3397 1125 3468; x_wconf 84' lang='grc' dir='ltr'><strong><em>δν</em></strong></span> <span class='ocrx_word' id='word_1_235' title='bbox 1137 3399 1172 3466; x_wconf 72' lang='grc' dir='ltr'><strong><em>δὲ</em></strong></span> <span class='ocrx_word' id='word_1_236' title='bbox 1183 3397 1262 3484; x_wconf 89' lang='grc' dir='ltr'><strong><em>τρό-</em></strong></span> 
     </span>
     <span class='ocr_line' id='line_1_31' title="bbox 217 3482 1262 3583; baseline 0.004 -24"><span class='ocrx_word' id='word_1_237' title='bbox 217 3529 222 3539; x_wconf 86' lang='lat'><strong>·</strong></span> <span class='ocrx_word' id='word_1_238' title='bbox 311 3515 376 3559; x_wconf 88' lang='grc' dir='ltr'><strong><em>πον</em></strong></span> <span class='ocrx_word' id='word_1_239' title='bbox 386 3482 479 3561; x_wconf 81' lang='grc' dir='ltr'><strong><em>καί</em></strong></span> <span class='ocrx_word' id='word_1_240' title='bbox 452 3521 500 3562; x_wconf 84' lang='grc' dir='ltr'><strong><em>ων</em></strong></span> <span class='ocrx_word' id='word_1_241' title='bbox 516 3524 613 3565; x_wconf 89' lang='grc' dir='ltr'><strong><em>ενεκα</em></strong></span> <span class='ocrx_word' id='word_1_242' title='bbox 634 3501 825 3566; x_wconf 83' lang='grc' dir='ltr'><strong><em>ἐτίτθευσεν</em></strong></span> <span class='ocrx_word' id='word_1_243' title='bbox 843 3499 906 3583; x_wconf 78' lang='grc' dir='ltr'><strong><em>ἐγώ</em></strong></span> <span class='ocrx_word' id='word_1_244' title='bbox 919 3505 1035 3583; x_wconf 81' lang='grc' dir='ltr'><strong><em>σαφῶς</em></strong></span> <span class='ocrx_word' id='word_1_245' title='bbox 1046 3492 1126 3583; x_wconf 81' lang='grc' dir='ltr'><strong><em>ὑμῖν</em></strong></span> <span class='ocrx_word' id='word_1_246' title='bbox 1138 3502 1262 3565; x_wconf 61' lang='grc' dir='ltr'><strong><em>ἐπιδείὲ</em></strong></span> 
     </span>
     <span class='ocr_line' id='line_1_32' title="bbox 312 3594 1261 3684; baseline 0.005 -25"><span class='ocrx_word' id='word_1_247' title='bbox 312 3599 365 3674; x_wconf 84' lang='grc' dir='ltr'><strong><em>ξω.</em></strong></span> <span class='ocrx_word' id='word_1_248' title='bbox 394 3597 504 3678; x_wconf 82' lang='grc' dir='ltr'><strong><em>μηδεὶς</em></strong></span> <span class='ocrx_word' id='word_1_249' title='bbox 527 3594 589 3664; x_wconf 70' lang='grc' dir='ltr'><strong><em>δΗ</em></strong></span> <span class='ocrx_word' id='word_1_250' title='bbox 571 3624 678 3684; x_wconf 85' lang='grc' dir='ltr'><strong><em>υμων,</em></strong></span> <span class='ocrx_word' id='word_1_251' title='bbox 701 3626 727 3666; x_wconf 84' lang='grc' dir='ltr'><em>ω</em></span> <span class='ocrx_word' id='word_1_252' title='bbox 752 3597 871 3683; x_wconf 76' lang='grc' dir='ltr'><strong><em>ἄνδρες</em></strong></span> <span class='ocrx_word' id='word_1_253' title='bbox 888 3596 1071 3683; x_wconf 87' lang='grc' dir='ltr'><strong><em>Αθηναῖοι,</em></strong></span> <span class='ocrx_word' id='word_1_254' title='bbox 1095 3601 1261 3684; x_wconf 78' lang='grc' dir='ltr'><strong><em>δυσχερῶς</em></strong></span> 
     </span>
     <span class='ocr_line' id='line_1_33' title="bbox 313 3690 1263 3786; baseline 0.003 -27"><span class='ocrx_word' id='word_1_255' title='bbox 313 3690 479 3782; x_wconf 82' lang='grc' dir='ltr'><strong><em>δπολόβη·</em></strong></span> <span class='ocrx_word' id='word_1_256' title='bbox 504 3695 612 3764; x_wconf 81' lang='grc' dir='ltr'><strong><em>καλ</em></strong></span> <span class='ocrx_word' id='word_1_257' title='bbox 574 3723 639 3786; x_wconf 82' lang='grc' dir='ltr'><strong><em>γαρ</em></strong></span> <span class='ocrx_word' id='word_1_258' title='bbox 656 3705 722 3767; x_wconf 85' lang='grc' dir='ltr'><strong><em>νῦν</em></strong></span> <span class='ocrx_word' id='word_1_259' title='bbox 739 3695 841 3776; x_wconf 84' lang='grc' dir='ltr'><strong><em>ιἰστας</em></strong></span> <span class='ocrx_word' id='word_1_260' title='bbox 853 3709 1013 3782; x_wconf 77' lang='grc' dir='ltr'><strong><em>γυναῖκας</em></strong></span> <span class='ocrx_word' id='word_1_261' title='bbox 1024 3691 1193 3774; x_wconf 70' lang='grc' dir='ltr'><strong><em>πολλδς“</em></strong></span> <span class='ocrx_word' id='word_1_262' title='bbox 1160 3694 1263 3781; x_wconf 81' lang='grc' dir='ltr'><strong><em>ευρή-</em></strong></span> 
     </span>
    </p>
   </div>
   <div class='ocr_carea' id='block_1_4' title="bbox 0 0 1596 4409">
    <p class='ocr_par' dir='ltr' id='par_1_5' title="bbox 0 0 1596 4409">
     <span class='ocr_line' id='line_1_34' title="bbox 0 0 1596 4409; baseline 0 0"><span class='ocrx_word' id='word_1_263' title='bbox 0 0 1596 4409; x_wconf 95' lang='lat' dir='ltr'><strong><em> </em></strong></span> 
     </span>
    </p>
   </div>
  </div>
 </body>
</html>
