3159 4409
315 487 359 552 οε
510 490 602 548 xm.
625 484 1059 566 [ΔκΜοΣοκΝουεη
1132 458 1135 467 ’

356 647 505 734 ιἰδελψδς“
493 649 650 736 ομαπίταρ
667 648 689 733 ή
706 675 827 728 παππος
843 647 859 717 δ
875 653 949 736 πρὸς
966 648 1089 760 πατρὸς,
1107 655 1141 718 ἔκ
1157 652 1265 758 ταύτης

356 735 433 802 εἶναι
442 742 550 813 παῖδας
559 737 752 843 μνησίρυς.ἕ
751 731 790 800 διν
807 736 839 799 δὲ
855 729 986 844 μηδεδρή
1002 735 1129 843 τοήταη,
1147 733 1201 803 ἐὰν
1211 741 1266 842 μὲν

356 818 509 906 ἐπίκληρός
519 846 562 897 τις
575 846 594 906 η
600 868 610 900 ,
627 814 679 884 τὸν
668 816 798 925 κύριον
809 817 948 902 ἔχειν,’
919 847 978 887 εαν
989 817 1074 887 δὲ
1037 848 1078 904 μη
1095 813 1130 909 ᾖ,
1149 818 1208 912 ὅτηο
1226 850 1267 888 αν

354 908 451 991 ἐπιτρί
451 923 512 993 ψη,
522 912 626 970 τοῦτον
639 901 743 987 κύριον
754 900 839 967 εἶναι
846 907 857 985 ]

269 1061 312 1138 19
399 1024 506 1110 Οὗτος
516 1031 578 1118 μὲν
587 1037 704 1099 τοίνυν
715 1027 733 1099 ὁ
746 1030 848 1118 νόμος
858 1029 918 1111 οδς
927 1034 1150 1119 ἐποίησεκυρί
1147 1059 1208 1114 ους
1135 1033 1266 1103 ί-εδ-

314 1160 380 1218 ναι,
390 1131 568 1219 ἀκηκόατε·
580 1129 631 1200 ὅτι
641 1130 674 1199 δ’
686 1123 842 1217 οὐδεδςήυ
852 1130 982 1200 τούτων
990 1140 1031 1220 τῇ
1040 1134 1149 1219 μητρί,
1160 1136 1196 1201 oc
1204 1131 1267 1201 ἆυ-

313 1238 433 1302 τίδικοί
440 1256 496 1316 μοι
507 1227 600 1298 αδτοδ
611 1229 911 1316 μεμαρτυρήκασιν.
941 1237 971 1298 εί
985 1230 1049 1316 γὰρ
1066 1223 1129 1318 ήν,
1149 1239 1266 1318 παρεί-

312 1330 398 1420 χοντ’
410 1331 462 1400 ίίν.
494 1326 697 1418 ήμάρτυρας
713 1333 774 1415 μὲν
785 1333 917 1409 ψευδεῖς
927 1328 1029 1397 οἴεσθ’
1043 1324 1087 1397 δυ
1098 1335 1267 1417 παρασχί-

313 1441 396 1500 σθαι
406 1432 460 1499 καί
472 1428 636 1516 διαθήκας
646 1425 708 1496 οὐκ
725 1425 845 1512 οὔσας,
858 1425 1007 1513 ἀδελφδν
1017 1429 1052 1496 δὲ
1062 1424 1085 1515 ή
1096 1424 1266 1516 πάππονή

313 1536 437 1617 πατέρα
453 1527 516 1598 οὐκ
538 1523 597 1613 δυ,
625 1537 717 1610 είπερ
734 1518 778 1612 ἦν
796 1523 943 1594 δυνατὸν
960 1527 1266 1615 ἕνεκα’χρημοίτων;

313 1627 413 1699 ὁπότε
425 1637 541 1698 τοίνυν
551 1629 663 1715 μηδεὶς
677 1632 830 1709 φαίνεται
842 1630 907 1705 ζῶν
916 1626 1062 1712 τούτων,
1074 1625 1149 1695 τότε
1160 1625 1266 1714 ἀνάν-

312 1757 354 1815 κη
376 1731 554 1815 ἐπίκληρον
572 1724 636 1812 τήν
645 1728 769 1812 μητέρα
778 1721 874 1812 ήμῶν
884 1723 977 1793 εἶναι.
999 1732 1058 1812 τής
1067 1733 1187 1794 τοίνυν
1196 1730 1268 1796 ἐπι-

313 1826 439 1914 κλήρου
457 1839 608 1894 σκοπεῖτε
625 1830 716 1901 τίνας
738 1823 935 1891 κελεύουσιν
958 1829 992 1893 oc
1010 1825 1109 1912 νόμοι
1128 1833 1314 1914 κυρίουςΠδ

269 1923 405 1994 zosim.
429 1929 503 2009 λέγε
513 1920 572 1991 τδυ
583 1922 698 2008 νόμον.

697 2045 875 2107 ΝΟΜΟΣ
946 2043 949 2052 ’

396 2156 466 2234 [Καὶ
487 2150 541 2219 ἐὰν
562 2155 590 2232 ἐξ
613 2152 772 2263 ἐπικλήρου
794 2183 838 2233 τις
843 2159 995 2262 γένηται,
1018 2161 1069 2222 καὶ
1091 2185 1153 2240 αμα
1168 2140 1268 2247 ήβήση

354 2241 401 2304 ἐπὶ
419 2243 522 2319 δίετες,
541 2249 660 2323 κρατεῖν
677 2246 742 2305 τῶν
754 2239 930 2326 χρημάτων,
944 2237 996 2306 τὸν
1011 2244 1043 2306 δὲ
1060 2251 1142 2307 σῖτον
1153 2252 1268 2348 μετρεῖν

353 2351 389 2411 vv
375 2329 512 2408 νυοί]

302 2452 315 2473 ·’
398 2433 684 2525 Ουκουνομὲυ
643 2462 745 2524 νομος
755 2438 884 2506 κελευει
895 2464 974 2517 τους
990 2442 1109 2517 παιδας
1118 2435 1269 2526 ηβησαν-

309 2563 368 2616 τας
377 2543 566 2621 κυρίους
525 2563 583 2623 της
602 2535 726 2663 μητρὸς
740 2536 790 2606 είν
770 2563 836 2642 ναι,Ι
854 2535 914 2604 τδν
926 2538 962 2606 δὲ
979 2551 1072 2605 σίτου
1083 2551 1216 2624 μετρεῖν
1226 2562 1266 2626 τη

310 2643 416 2723 μητρί
450 2636 515 2722 ἐγω
528 2637 564 2705 δὲ
582 2642 743 2722 φαίνομαι
761 2636 1091 2722 στρατευόμενοςκαδ
1108 2660 1294 2757 τριηραρ-

267 2749 300 2801 21
308 2743 379 2823 χῶν
387 2735 449 2822 ὑμῑ
449 2763 480 2821 ν,
492 2735 547 2802 ὅτε
558 2728 657 2813 οὗτος
669 2734 844 2824 συνῴκησε
854 2761 895 2824 τη
882 2740 1012 2821 μη.τρί
1041 2733 1124 2802 ἀλλὰ
1134 2732 1203 2822 μήν
1215 2712 1294 2803 ὅτι

309 2835 423 2921 ἕνα
384 2863 407 2922 μ
424 2863 445 2903 ν
455 2833 650 2921 απεδήμουν
660 2830 1188 2954 τριηραρχῶη,ἑτετελευτήκειδὸ
1201 2857 1267 2901 πα-

308 2935 369 3022 τήρ
381 2933 536 3021 πάλαι,“
516 2961 571 3002 οτε
582 2927 680 3014 οὗτος
691 2941 808 3023 ἔγημε,
828 2936 886 3014 τὰς
898 2934 934 3003 δὲ
944 2939 1150 3021 θεραπαίνας
1162 2930 1267 3000 αυτὸν

309 3033 446 3121 ἐζήτουν
462 3036 517 3101 καὶ
538 3032 654 3118 ήξίουν
676 3038 751 3119 περὶ
768 3034 876 3103 αὐτοῦ
890 3034 1012 3102 τούτου
1028 3038 1267 3120 βασανίζεσθαι

311 3131 423 3220 αὐτδς,
436 3140 466 3203 εἰ
474 3131 561 3203 ταῦτ’
576 3133 687 3222 ἀληθῆ
697 3138 775 3222 ἐστι,
785 3136 841 3204 καὶ
852 3131 1174 3231 ὡςιπροεκαλούμηυ,
1186 3132 1270 3218 λαβέ

311 3256 367 3315 μοι
377 3231 439 3318 τήν
449 3238 645 3319 μαρτυρίαν.

665 3355 908 3419 ΜΑΡΤΡΡΙΑ.

396 3468 604 3571 [Μαρτυρηῦσι
614 3475 768 3572 παρεῖναι,
782 3464 830 3532 ὅτε
840 3461 1033 3570 προυκαλεῖτο
1045 3460 1266 3549 Ἀπολλόδωρος

358 3548 566 3651 Φορμίωνα,”
550 3576 595 3615 οτε
610 3546 694 3633 ήξίου
713 3545 878 3615 αἰποδουναι
892 3544 1109 3698 Ἀπρλλόδωρος
1127 3553 1264 3633 Φορμίω-

353 3658 392 3695 να
402 3656 454 3708 τας
462 3639 595 3718 θεραπα
593 3660 647 3710 νας
664 3638 704 3712 εἷς
720 3633 913 3738 βήρανον,εἰ
921 3632 963 3716 μή
970 3653 1047 3738 φησι
1062 3637 1203 3736 Φορμίων
1213 3633 1265 3697 καὶ

352 3714 492 3804 πρότερον
509 3715 772 3804 διεφθαρκέναι
742 3746 797 3801 την
816 3715 977 3803 μητέρα
946 3744 1001 3801 την
1022 3713 1112 3799 ἐμήν,
1134 3719 1208 3802 πρὶν
1229 3705 1265 3782 οδ
