3159 4409
313 506 375 574 ιιε
527 505 591 563 mu.
613 483 1061 578 [ΛΗΜοΣοιιΝονΣ]

272 655 1192 772 47τοῠΠλοὶτωνιπλησιάσαιτοσαύτηνἕλαβενέπίδοσιν.
1216 654 1268 718 καί

318 765 447 834 τούτων
464 761 564 830 οὐδὲν
580 757 708 844 ἀλόγως
724 754 925 874 ἀποβέβηκε·
948 750 1034 820 πολι)
1050 748 1115 836 γὰρ
1133 741 1177 837 ἦν
1191 748 1268 817 α’το-

309 863 514 948 πῶτερον,
506 865 535 927 εί
552 884 592 924 τα
581 855 671 942 μέν
687 880 788 941 μινρα
778 850 850 919 δι’
870 850 1048 937 ἐπιστήμης
1064 850 1120 916 καί
1136 852 1268 935 μελέτης

317 959 570 1048 ἠναγκαζόμεθα
588 959 762 1036 ἐπιτελεῖν,
783 977 824 1018 τα
812 948 879 1018 δέ
896 944 1069 1068 μέγιστα”
1047 971 1130 1014 ανεν
1149 946 1269 1065 ταύτης

318 1085 375 1145 της
392 1060 629 1176 πραγματείας
634 1051 826 1136 ἐδυνάμεθα
843 1049 1006 1135 πράττειν.
1041 1046 1117 1130 περὶ
1134 1045 1247 1130 μέν
1208 1070 1269 1111 ουν

317 1180 445 1224 τουτων
457 1180 519 1221 ουκ
531 1149 629 1220 οἰδ
609 1177 671 1219 οτι
682 1154 737 1217 δεῖ
741 1154 841 1216 πλειω
852 1151 976 1232 λεγειν
998 1141 1127 1214 ουδὲ
1086 1169 1152 1230 γαρ
1164 1141 1229 1224 ἐξ
1209 1169 1269 1228 αρ-

317 1262 376 1341 γῆς
404 1250 448 1331 ῶς
474 1255 642 1327 παντελῶς
649 1247 806 1338 ἀπείρως
826 1244 959 1331 ἔχοντός
978 1264 1040 1313 σον
1060 1244 1136 1324 περὶ
1158 1239 1268 1309 αντῶν

318 1352 503 1471 ἐμνήσθην,
528 1344 600 1415 ἀλλ’
618 1344 802 1433 ηγούμενος
818 1341 1268 1427 τὰςτοιαιίταςπαραιιλησεις

318 1476 397 1529 τους
407 1447 497 1536 μέν
478 1471 682 1534 αγνοουντας
692 1447 899 1530 προτρεπειν,
910 1437 1031 1519 τονςδ
1044 1438 1173 1518 είδοτας
1183 1464 1266 1524 παρ-

274 1548 459 1628 ιεοξύνειν.
491 1546 595 1633 μηδὲν
612 1544 648 1613 δὲ
664 1542 836 1630 ὑπολάβῃς
856 1548 1025 1622 τοιοῦτον,
1048 1535 1092 1618 ῶς
1114 1536 1183 1620 ἄρα
1204 1538 1264 1623 έγῶ

319 1653 401 1714 ταῦτ
397 1643 536 1767 είρηιια
548 1643 692 1722 διδάξειν
702 1639 802 1719 αὐτὸς
812 1634 1092 1725 ἐπαγγελλόμενός
1101 1639 1142 1703 σε
1147 1663 1180 1703 τι
1189 1636 1265 1703 τού-

319 1767 401 1810 των·
424 1740 546 1828 οὐγὰρ
568 1737 611 1809 ῶν
629 1746 844 1826 αίσχννθειην
854 1736 987 1808 είπν
967 1763 1018 1805 οτι
1027 1735 1136 1804 πολλα
1146 1745 1265 1822 μαθεῖν

320 1837 419 1917 αὐτὸς
440 1844 493 1906 ἔτι»
507 1842 638 1924 δέομαι,
660 1843 715 1905 καὶ
735 1847 863 1924 μᾶλλον
879 1833 1062 1922 ἀγωνιστὴς
1078 1835 1264 1924 προῄρημαι

319 1943 386 2005 τῶν
403 1943 535 2003 πολλῶν
550 1930 573 2020 ἢ
591 1936 788 2015 διδάσκαλος
805 1935 972 2005 εἶναιτῶν
988 1933 1107 2002 ἄλλων.
1143 1933 1205 2020 οὐχ
1226 1929 1264 2010 ῶς

271 2128 274 2133 ¹
319 2031 535 2117 ἀναινόμενος
546 2031 582 2098 66
592 2038 695 2099 ταῦτα
707 2036 897 2118 διαιροῦμαι
907 2032 969 2120 τὴν
979 2041 1047 2101 τῶν
1057 2030 1264 2117 σοφιστεύειν

319 2134 484 2217 ἑλομένων
495 2129 611 2215 δόξαν,
620 2127 698 2198 ἀλλ’
715 2128 916 2218 ὅτιτιῖληθδς
928 2142 1049 2202 τοῦτον
1059 2137 1136 2217 έχον
1146 2129 1263 2216 τυγχά-

274 2247 309 2302 49
318 2256 369 2299 νει
384 2227 445 2315 τὸν
461 2227 602 2311 τρόπον,
625 2230 696 2296 ἐπεὶ
712 2230 853 2298 σύνοιδά
869 2257 908 2317 γε
918 2229 1060 2308 πολλοὺς
1070 2231 1132 2314 μὲν
1143 2232 1176 2310 ἐξ
1188 2227 1262 2296 ἀδό-
1269 2235 1309 2290 1411

318 2335 384 2410 ξων
398 2329 453 2397 καὶ
462 2333 626 2395 ταπεινῶν
637 2330 806 2412 ἐπιφανείς
820 2328 874 2397 διὰ
886 2337 943 2416 τῆς
953 2335 1176 2414 πραγματείας
1187 2327 1262 2394 ταύ-

316 2454 373 2512 της
391 2430 644 2510 γεγενημένονς,
667 2427 810 2495 Σόλωνα
822 2428 856 2496 δέ
867 2432 922 2496 καὶ
933 2433 1038 2508 ζῶντα
1048 2431 1103 2493 καὶ
1113 2426 1262 2511 τελευτή-

316 2545 419 2592 σαντα
434 2529 586 2609 μεγίστης
604 2524 701 2609 δόξης
717 2524 914 2612 ἠξιωμένον·
935 2523 972 2604 ὃς
988 2522 1050 2592 οὐκ
1061 2523 1262 2609 ἀπεληλαμέ-

316 2648 375 2699 νος
392 2628 460 2688 τῶν
471 2618 582 2688 ἄλλων
593 2631 713 2708 τιμῶν,
735 2622 818 2691 ἀλλὰ
829 2631 887 2710 τῆς
897 2625 958 2710 μὲν
967 2621 1120 2710 ἀνδρείας
1131 2622 1169 2689 τό
1184 2621 1262 2707 πρὸς

316 2724 493 2804 Μεγαρέας
502 2719 664 2801 τρόπαιον
675 2718 855 2808 ὑπόμνημα
867 2720 1058 2790 καταλιπῶν
1065 2728 1150 2807 ,της
1163 2718 1197 2787 δ’
1209 2717 1262 2786 εὐ-

269 2842 306 2896 50
315 2826 452 2905 βονλίας
467 2843 531 2902 την
540 2824 730 2902 Σαλαμινος
746 2823 903 2907 κομιδην,
924 2828 982 2906 τῆς
1000 2819 1031 2888 δ’
1050 2819 1152 2925 ἄλλης
1165 2824 1262 2888 συνέ-

314 2935 397 2992 σεως
412 2912 491 2990 τούς
506 2911 632 2997 νόμους
650 2909 699 2992 οἷς
715 2921 762 2982 ἔτι
778 2919 833 2984 καί
845 2927 952 2984 νύνο
939 2912 1188 2984 ίπλεῑστοιτῶν
1192 2914 1261 2982 Ελ-

312 3013 425 3098 λήνων
444 2995 607 3097 χρῶμενοι
627 3014 892 3099 διατελοῦσιν,”
872 3042 961 3101 ομως
980 3014 1151 3082 τοσούτων
1174 3012 1262 3100 αὐτῷ

312 3107 459 3178 καλῶν(
442 3109 661 3193 νπαρχόντων
676 3109 728 3177 ἐπ’
746 3109 859 3179 οὐδενί
876 3121 1003 3199 μᾶλλον
1019 3102 1262 3194 ἐσπούδασενη

311 3217 379 3274 τῶν
395 3205 474 3275 ἑπτα
487 3213 656 3290 σοφιστῶν
667 3206 757 3285 ὅπως
766 3212 917 3295 γένηται,
939 3208 1127 3295 νομίζων
1090 3236 1153 3295 την
1165 3216 1261 3293 φιλο-

203 3312 204 3317 ’
312 3313 434 3390 σοφίαν
444 3303 505 3374 οὐκ
518 3303 657 3390 ὄνειδος,
668 3304 752 3374 ἄλλα
762 3308 860 3394 τιμὴν
871 3323 938 3387 τοῖς
946 3311 1126 3394 χρωμένοις
1135 3310 1260 3393 φέρειν,

311 3412 420 3481 καλῶς
436 3403 588 3489 έγνωιιῶς
604 3403 685 3472 αὐτὸ
703 3415 800 3473 τοῦτο
812 3404 873 3492 οὐχ
882 3399 983 3493 ἧττον
993 3404 1015 3492 ἢ
1025 3410 1079 3473 καὶ
1089 3405 1195 3473 τᾶλλα
1208 3399 1259 3489 ἐφ’

230 3572 233 3577 ,
311 3500 360 3582 οἷς
372 3502 577 3587 διήνεγκεν.-

268 3617 301 3669 51
391 3597 472 3683 Ἐγῶ
485 3602 546 3686 μέν
557 3595 621 3670 οὖν
632 3602 702 3672 οὔτ’
718 3601 818 3682 αὐτὸς
830 3602 937 3682 ἄλλοις
947 3602 1138 3687 γιγνώσκω,
1162 3607 1219 3669 σοι’
1226 3625 1260 3669 τε

310 3706 462 3785 παραινῶ
472 3709 684 3789 φιλοσοφεῖν,
707 3707 902 3791 μεμνημένῳ
914 3709 982 3770 τῶν
992 3705 1025 3782 ἐξ
1037 3697 1139 3786 ἀρχῆς
1149 3696 1260 3785 ’ὑπαρ-
