3159 4409
553 494 696 554 ΚΑΤΑ
716 486 961 588 ΝμΑιΡΑΣ.
1175 495 1239 561 τευ

290 662 409 734 παίνας
420 656 481 724 δύο
492 655 547 722 καὶ
558 656 688 738 οίκέτηη
699 651 874 738 διάκονον,
897 653 1004 733 άλλως
1017 679 1053 722 τε
1068 655 1123 722 καλ
1132 681 1237 742 μεμα-

289 764 415 841 θηκυῖα
434 750 478 840 μὴ
501 759 610 829 κακώς
629 755 715 835 ἔχειν
733 748 775 817 τά
795 751 962 838 ἐπιτήδεια
982 753 1103 836 ἐτέρων
1121 751 1237 822 άναλι-

244 876 280 928 43
290 853 441 920 σκόντων
454 848 539 939 αὐτῇ
554 848 591 917 τὸ
609 848 782 936 πρότερον.
817 849 976 938 οὔτεγὰρ
993 849 1059 920 άπὸ
1071 858 1129 938 της
1141 861 1236 920 πολι-

287 958 376 1030 τείας
396 949 534 1038 προσῄει
550 947 715 1037 Στεφάνῳ
732 941 839 1037 τοάτφ
858 949 952 1029 άξων
969 950 1088 1036 λόγου·
1116 949 1158 1018 οὐ
1170 951 1235 1039 γάρ

287 1073 339 1117 πω
350 1043 395 1136 ἦν
405 1048 533 1138 ῥητωρ,
548 1044 617 1118 ἀλλ’
631 1050 678 1114 ἐτι
687 1047 900 1134 συκοφάντης
909 1057 977 1117 τών
987 1048 1236 1138 παραβοώντων

288 1145 379 1234 παρά
388 1144 425 1214 τδ
436 1152 526 1233 βῆμα
543 1149 598 1212 καλ
608 1148 831 1232 γραφομένων
841 1154 968 1232 μισθοῦ
977 1150 1033 1216 καλ
1044 1148 1236 1234 φαινόντων

286 1248 341 1313 καὶ
351 1247 625 1332 ἐπυγραφομένων
635 1257 706 1323 ταῖς
716 1241 901 1327 ἀλλοτρίαις
909 1246 1070 1333 γνώμαις,
1082 1248 1144 1326 ἕως
1154 1243 1236 1315 ὑπέ-

288 1367 366 1413 πεσε
376 1343 614 1433 Καλλιστράτῳ
630 1351 677 1432 τῷ
691 1341 886 1433 Ἀφιδυυίφ
909 1348 942 1427 ἐξ
960 1343 1041 1413 ὅτου
1057 1345 1235 1432 δὲτρόπον

286 1446 341 1512 καὶ
352 1442 390 1512 δι’
402 1442 446 1532 ἢν
458 1450 581 1527 αἰτίαν,
608 1440 672 1528 ἐγώ
691 1440 772 1528 ὑμῖν
787 1445 843 1511 καὶ
859 1444 934 1527 περὶ
950 1444 1073 1511 τούτου
1090 1446 1232 1530 διέξειμι,

286 1545 420 1612 ἐπειδάν
437 1544 664 1629 περίταυτησλ
680 1548 826 1624 Νεαίρας
844 1543 992 1620 ἐπιδείξω
1014 1537 1057 1619 ώς
1074 1546 1143 1609 ἐστι
1158 1543 1232 1628 ξένη

286 1643 342 1709 καὶ
355 1639 398 1719 ὡς
409 1641 535 1726 μεγάλα
546 1637 634 1725 ὑμᾶς
643 1637 778 1726 η’δίκηκε
794 1643 850 1708 καὶ
864 1636 907 1718 ώς
921 1637 1083 1726 ἠσέβηκεν
1096 1645 1141 1718 είς
1156 1639 1235 1719 τοὺς
1254 1695 1256 1699 .

241 1761 277 1814 44
287 1737 407 1822 θεοὺς,
428 1737 467 1806 ἵν’
476 1743 588 1824 εἰδῆτε
605 1736 657 1806 ότι
673 1741 728 1806 καλ
745 1735 846 1816 αότός
860 1729 957 1817 οὗτος
972 1737 1063 1820 άξιός
1072 1742 1161 1806 ἐστιν
1170 1736 1233 1806 οόιι

286 1838 408 1906 ἐλάττω
420 1842 538 1907 δουναι
549 1833 676 1924 δίκηνῆ
687 1841 742 1906 καί
752 1843 881 1923 Νέαιρα
892 1834 1075 1923 αὕτηάλλά
1086 1840 1140 1905 καλ
1152 1845 1234 1906 πολ-

286 1944 333 2024 λῷ
351 1943 447 2023 μείζω
466 1939 521 2005 καλ
542 1944 686 2023 μᾶλλον,
708 1935 776 2027 όσφ
797 1935 970 2024 Ἀθηναῖος
991 1938 1131 2023 φάσκων
1151 1935 1234 2004 εἶναι

285 2035 373 2103 οὕτω
391 2034 477 2104 πολδ
488 2043 558 2104 τών
575 2037 689 2123 νόμων
704 2035 977 2123 καταπεφρόνηκε
995 2039 1050 2104 καί
1066 2034 1162 2122 ὑμῶν
1178 2036 1234 2103 καί

285 2141 352 2220 τών
376 2141 470 2204 θεών
500 2130 573 2203 ὥστ’
593 2131 668 2202 οὐδ’
687 2131 770 2217 ὑπὲρ
793 2141 861 2201 τῶν
882 2131 1121 2219 ἡμαρτημένων
1143 2129 1232 2220 αὐτῷ

269 2236 272 2241 “
287 2232 523 2317 αίσχυυόμευος
534 2237 638 2319 τολμᾷ
650 2228 790 2316 ἡσυχίαν
800 2229 904 2315 άγειν,
916 2229 1000 2298 άλλά
1012 2238 1234 2316 συκοφαντῶν

287 2327 409 2410 άλλονς
426 2356 463 2396 τε
478 2331 534 2396 καλ
546 2331 601 2414 ἐμὲ
618 2329 750 2396 τουτουὶ
767 2334 944 2411 πεποίηκεν
961 2326 1066 2395 αότδυ
1080 2329 1136 2395 καλ
1151 2327 1234 2394 ταό-

286 2454 348 2513 την
364 2434 410 2506 είς
427 2434 623 2513 τηλικοῦτον
649 2424 763 2510 άγώυα
782 2434 998 2511 καταστῆσαι,
1021 2425 1104 2493 ώστε
1126 2429 1312 2504 §geva-1360

287 2535 411 2613 σθῆναι
420 2525 481 2612 μὲν
491 2525 616 2610 ταύτην
625 2522 696 2608 ἥτις
706 2525 805 2608 ἐστίν,
816 2526 1044 2610 ἐξελεγχθῆναι
1055 2524 1091 2592 δὲ
1099 2521 1161 2610 τὴν
1171 2521 1235 2589 αὐ-

287 2633 348 2692 τοῦ
359 2631 530 2710 πονηρίαν.
818 2712 820 2716 y

242 2743 278 2797 45
371 2721 538 2808 Λαχόντος
549 2729 665 2791 τοίνυν
675 2719 765 2810 αὐτῷ
775 2727 837 2788 τοῦ
847 2728 1042 2810 Φρυνίωνος
1053 2728 1164 2809 δίκην,
1182 2721 1234 2790 ὅτι

278 2820 394 2918 Ιαὐτοῦ
406 2818 718 2913 άφείλετοΝεάιραν
733 2822 870 2906 ταυτηνὶ
886 2826 932 2900 είς
947 2825 1158 2908 ἐλευθερίαν,
1180 2824 1235 2889 καλ

288 2919 357 3003 ὅτι,
379 2915 400 2984 ά
417 2921 555 3004 ἐξῆλθεν
573 2925 693 3004 ἔχουσα
710 2916 783 3004 παρ’
798 2916 904 2987 αὐτοῦ
925 2917 1025 3007 αὕτη,
1046 2919 1234 3004 ὑπεδέξατο,

287 3023 438 3103 συνῆγου
452 3015 573 3096 αὐτοὺς
584 3023 618 3096 οἱ
627 3017 801 3104 ἐπιτήδειοι
817 3021 871 3087 καλ
882 3025 1016 3086 ἔπεισαν
1026 3023 1154 3086 δίαιταν
1165 3020 1236 3086 ἐπι-

287 3119 404 3205 τρέψαι
423 3112 542 3194 αότοῐς.
576 3119 631 3184 καὶ
644 3112 725 3200 ὑπὲρ
742 3117 804 3203 μέν
819 3124 880 3184 τοῦ
899 3116 1093 3206 Φρυνίωνος
1111 3121 1238 3203 διαιτη-

287 3213 346 3302 τὴς
356 3216 527 3295 ἐκαθέζετο
538 3211 691 3299 Σάτυρος
702 3214 933 3302 Ἀλωπεκῆθεν
943 3212 961 3282 ὁ
973 3219 1236 3300 Λακεδαιμονίου

288 3311 447 3400 ἀδελφὸς,
470 3309 555 3399 ὑπὲρ
567 3314 603 3382 δὲ
621 3316 801 3400 Στεφάνου
818 3315 951 3381 τουτουὶ
961 3321 1109 3397 Σαυρίας
1118 3321 1238 3400 Λαμπ-

288 3412 401 3497 τρεός
433 3411 552 3480 κοινόν
577 3413 613 3481 δὲ
630 3411 741 3493 αὐτοῖς
766 3419 1027 3499 προσαιροῦνται
1043 3418 1237 3498 Διογείτονα

242 3501 449 3597 λόἰίχαρνέα.
473 3511 696 3592 συνελθόντες
707 3510 736 3580 δ’
752 3501 845 3578 οὗτοι
856 3513 893 3577 ἐν
902 3518 950 3594 τῷ
961 3513 1041 3598 ίερρῖ
1047 3559 1057 3593 ,
1068 3507 1238 3578 άκοάσαν-

286 3634 340 3688 τες
350 3607 547 3696 ἀμφοτέρων
557 3613 612 3678 καλ
623 3609 724 3696 αὐτῆς
734 3616 793 3695 τῆς
804 3605 989 3692 άνθρώπου
1000 3605 1040 3673 τά
1051 3607 1239 3691 πεπραγμέ-

288 3733 348 3790 να,
369 3707 507 3794 γνώμην
518 3707 751 3796 ἀπεφήναντο,
774 3709 830 3801 κοιλ
846 3697 939 3803 οὗτοι
957 3705 1127 3790 ἐνέμειναν
1143 3700 1238 3790 αὐτῇ,

333 3805 471 3856 Demosth.
494 3804 615 3858 v01.111.
1055 3801 1089 3854 19
