3159 4409
310 473 369 538 108
489 476 593 536 XLVII.
631 471 1110 574 [AHMOZOENOYZJ-

308 630 388 712 τούς
407 632 615 719 παραδόντας
636 634 691 700 καί
711 628 955 716 ἀναγκάζοντας
983 632 1207 721 εἰσπράττειν,
1235 629 1256 719 ἢ

310 730 505 800 ἀποδιδόναι
522 729 562 799 τά
581 731 698 816 σκεύη·
722 731 802 798 εἰδὲ
817 729 880 816 μὴ,
902 733 1041 817 ἐνέχυρα
1058 732 1257 819 ἐφηνληψε·

310 843 391 898 σθαι
401 830 484 898 κατά
494 856 529 899 τε
539 828 617 908 τούς
627 827 753 914 νόμους
762 832 817 896 καί
827 828 867 896 τά
878 835 1081 917 ψηφίσματα.
1112 827 1213 898 οὐδὲν
1224 827 1253 897 δ’

309 931 482 1007 ἐθέλοντος
493 925 599 995 αύτού
609 934 677 994 τόν
687 931 824 994 δικαίων
836 941 942 995 ποιεῖν
952 920 1037 1014 ἦγον
1046 927 1109 1015 τὴν
1121 928 1258 1014 ἀνθρω-

310 1050 375 1094 πον
392 1026 568 1112 ἑστηκυῖαν
584 1028 635 1093 ἐπί
649 1032 689 1113 τῇ
699 1024 809 1113 θύρα,
830 1026 892 1111 την
903 1033 1134 1112 μετελθοῦσαν
1145 1025 1256 1095 αύτόν.

268 1121 392 1199 38καίὁ
406 1122 583 1210 Θεόφημός
592 1150 632 1210 με
643 1120 812 1214 ἀφῃρεῖτο.
834 1126 890 1192 καί
900 1123 963 1209 ἐγώ
975 1122 1039 1211 τὴν
1048 1125 1110 1210 μὲν
1120 1123 1257 1212 ἀνθρω-

310 1240 375 1291 ’πον
386 1220 514 1309 ἀφῆκα,
538 1229 584 1302 εἰς
595 1222 631 1291 δί
641 1220 704 1308 τὴν
715 1227 823 1289 οἰκίαν
835 1222 973 1310 εἰσῄειν,
994 1227 1049 1290 ἵνα
1060 1223 1220 1309 ἐνέχυρόν
1229 1249 1259 1290 τι

309 1322 442 1409 λάβοιμι
462 1329 530 1390 τόν
550 1328 695 1390 σκευῶν·
718 1326 812 1406 ἐτυχε
828 1319 893 1407 γάρ
909 1319 931 1407 ἡ
946 1319 1038 1406 θύρα
1056 1318 1258 1410 ἀνεῳγμένη,

311 1417 355 1499 ὥς
370 1413 477 1507 ἦλθεν
494 1417 717 1507 ὁΘεόφημος,
738 1420 794 1487 καί
809 1423 857 1486 ἔτι
876 1422 1011 1504 ἔμελλεν
1031 1421 1183 1486 εἰσιέναι·
1205 1419 1259 1486 καί

310 1519 502 1605 ἐπεπύσμην
524 1517 628 1588 αύτὸν
647 1516 699 1587 ὅτι
717 1515 780 1586 ούκ
797 1527 846 1603 εἰη
863 1515 1067 1603 γεγαμηκώς.
1099 1515 1259 1594 εἰσιόντος

311 1621 349 1684 δέ
364 1643 430 1702 μου
445 1623 533 1685 παίει
548 1615 613 1698 πύξ
631 1615 649 1685 ό
662 1617 837 1704 Θεόφημος
852 1613 888 1683 τό
905 1615 1026 1700 στόμα,
1048 1615 1102 1682 κἀἰ
1113 1612 1178 1703 ἐγώ
1188 1617 1259 1682 ἐπι-

269 1711 1022 1802 39μαρτνράμευοςτούςπαρόνταςήμυνάμην.
1048 1705 1167 1791 ὡςούν
1179 1710 1259 1800 άλη-

311 1820 360 1898 θῆ
369 1814 453 1898 λέγω
464 1815 519 1880 καί
528 1805 606 1898 ἦρξε
616 1821 735 1932 χειρῶν
746 1809 899 1880 ἀδίκωνὸ
913 1811 1104 1896 Θεόφημος,
1126 1807 1259 1878 ούκάλ-

312 1921 415 1980 λοθεν
426 1916 495 1980 δεῖν
506 1909 636 1998 οἶμαι
603 1938 663 1979 τον
672 1916 806 1997 ἔλεγχον
814 1903 1001 1995 γενέσθαιη
1011 1910 1095 1977 ἐκ
1056 1935 1113 1994 της
1122 1906 1259 1993 ἀνθρύ-

312 2035 388 2096 που,
398 2007 442 2097 ἣν
451 2010 740 2098 μεμαρτυρηκασιν
751 2013 784 2076 οί
792 2008 955 2095 μάρτυρες
965 2035 1008 2086 ως
1015 2003 1163 2094 ἤθελεν
1148 2035 1167 2075 ο
1176 2007 1289 2078 Θεό.

313 2135 421 2195 φημος
437 2107 664 2197 παραδιδόναι.
696 2107 800 2196 ταύτη
817 2107 853 2176 δὲ
869 2114 909 2194 τῇ
926 2114 1089 2193 μαρτυρία
1099 2129 1259 2193 προτερος
1267 2117 1302 2173 115

313 2205 475 2280 ἰσελθοιν
486 2212 531 2286 εἰς
540 2233 576 2275 το
565 2205 807 2295 δικαστηριον,
817 2232 858 2275 ου
867 2207 1171 2292 παραγραφομενου
1180 2209 1259 2293 ἐμου

313 2305 386 2375 οὐδ’
406 2303 643 2393 ὑπομνυμένου
661 2303 735 2374 διά
732 2332 769 2373 το
758 2303 842 2373 καί
860 2329 1024 2391 προτερον
1033 2327 1110 2370 ποτε
1124 2302 1179 2394 ἐφ’
1194 2305 1260 2375 ἑτέ-
1278 2306 1281 2312 ’

314 2432 373 2489 ρας
390 2410 481 2484 δίκας
497 2407 600 2474 ταύτά
617 2432 657 2492 με
667 2404 807 2493 βλάψαι,
828 2404 1006 2491 ἐξηπάτησε
1016 2402 1094 2482 τούς
1105 2403 1261 2481 δικαστάς

313 2508 435 2590 λέγων,
458 2500 517 2584 οὓς
532 2505 593 2590 μὲν
609 2503 674 2590 ε’γά
685 2504 888 2590 παρειχόμην
899 2503 1083 2590 μάρτυρας,
1104 2503 1144 2570 τὰ
1153 2505 1261 2587 ψευδῆ

314 2615 509 2688 μαρτυρεῖν,
531 2600 593 2688 τὴν
611 2607 645 2670 δὲ
661 2602 847 2686 άνθρωπον
864 2605 951 2683 ἐρεῖν
961 2601 1020 2680 τάς
1032 2600 1190 2688 ἀληθείας
1199 2608 1262 2689 βα·

272 2707 537 2787 τοσαυιζομέυην.
571 2695 619 2779 οἷς
630 2701 665 2769 δὲ
676 2701 751 2768 τότε
761 2708 966 2785 κατεχρῶντο
978 2699 1104 2786 λόγοις,
1122 2695 1262 2768 νύναύ-

313 2813 380 2876 τοῖς
396 2800 615 2883 ἐξελέγχονται
631 2795 811 2866 ὑπεναντία
829 2806 1017 2878 ποιοῦντες·
1039 2797 1101 2885 τὴν
1117 2797 1182 2885 γάρ
1200 2795 1262 2866 άν-

313 2907 455 2982 θρυπον
470 2894 511 2965 ού
529 2896 672 2983 δύναμαι
691 2904 894 2984 παραλαβεῖν
910 2897 1067 2975 πολλάκις
1083 2897 1261 2983 ἐξαιτήσας,

315 2992 358 3075 ὡς
374 2993 617 3082 μεμαρτύρηται
633 2995 720 3116 ύμῖν.
752 2992 863 3082 ἐπειδη
881 2992 1067 3080 τοίνυντὴν
1077 2991 1262 3078 ἄνθρωπον

315 3093 362 3161 ού
378 3091 677 3188 παραδιδόασιν,“
655 3120 698 3181 ην
722 3092 816 3162 αύτσί
837 3102 966 3181 ἔφασαν
983 3095 1263 3188 προκαλέσασθαι,

312 3190 505 3279 βούλομαι“
486 3207 566 3315 υμῖν
576 3195 630 3261 καί
640 3191 718 3273 τούς
728 3195 898 3280 μάρτυρας
911 3196 1154 3278 παρασχέσθαι,
1172 3217 1206 3260 οι
1192 3188 1264 3259 “sl-

316 3290 378 3357 δόν
393 3318 433 3377 με
449 3293 612 3380 πρότερον
629 3290 831 3380 πληγέντα*
811 3290 877 3359 υπό
894 3318 955 3358 του
940 3291 1159 3410 Θεοφήμου,
1188 3316 1211 3378 η
1230 3285 1261 3358 δ’

316 3393 403 3456 αἰκία
414 3400 492 3460 τοῦτ
497 3390 654 3478 ’“ἐστιν,
634 3418 671 3470 ος
682 3387 725 3459 ἀν
736 3390 818 3478 ἀρξη
829 3387 1263 3476 χειρῶνάδίκυνπρότερος,

316 3483 422 3564 άλλως
439 3514 474 3555 τε
489 3491 544 3557 καί
554 3489 636 3558 κατά
654 3488 714 3558 τόν
729 3489 837 3575 νόμον
853 3489 907 3555 καί
921 3486 1003 3556 κατὰ
1020 3486 1059 3556 τά
1070 3494 1264 3574 ψηφίσματα

315 3580 355 3651 τά
367 3580 508 3669 ὑμέτερα
519 3588 765 3671 εἰσπράττονται
790 3593 850 3655 καί
857 3613 913 3674 μοι
923 3585 1097 3674 ἀνάγνωθι
1106 3584 1147 3655 τά
1159 3596 1265 3673 ψηφί-

316 3705 422 3769 σματα
433 3685 488 3750 καί
500 3681 561 3770 τὴν
573 3693 765 3774 μαρτυρίαν.
