3159 4409
267 507 334 571 τοο
521 505 958 584 [ΔΗαοΣοεΝουε]
1066 478 1069 483 ’

213 695 216 703 ·
272 666 312 753 ἣν
336 680 404 746 τοῖς
429 663 644 753 ἐξηπατηκόσι
665 673 830 750 προσῆκεν
856 663 1036 752 ἀπέχθειαν
1056 664 1217 751 ὑπάρχειν

270 765 348 852 παρ’
373 763 485 852 ὑμῶν,
508 765 631 849 ταύτην
652 761 898 847 ἀπενέγκασθαι
913 771 1030 851 συμβῇ.
1066 754 1137 848 δρῶ
1153 764 1216 851 γάρ

269 863 355 951 ὑμᾶς
375 861 533 941 πολλάκις
552 860 594 929 οὐ
615 858 693 939 τοὺς
711 865 835 939 αἰτίους
854 870 923 929 τῶν
942 861 1148 948 πραγμάτων
1164 889 1218 947 μι-

269 971 428 1046 σοῦντας,
453 959 535 1028 άλλά
554 958 632 1038 τοδς
646 957 808 1038 ὑστάτους
818 962 893 1047 περὶ
902 957 1014 1028 αὐτῶν
1024 961 1180 1039 εἰπόντας
1188 987 1219 1028 τι

269 1059 352 1146 πρὸς
363 1058 456 1146 ὑμαῖς.
486 1058 528 1126 οὐ
539 1056 606 1144 μὴν
617 1055 700 1125 άλλά
712 1064 829 1146 καίπερ
841 1056 947 1137 οὕτως
958 1056 1104 1146 ἀκριβῶς
1114 1067 1217 1126 ταῦτα

269 1159 493 1244 λογιζόμενος,
512 1155 600 1242 ὅμως
612 1154 701 1242 οἶμαι
711 1155 821 1224 πάντα
832 1155 1057 1243 παρεὶς-τᾶλλα
1068 1159 1146 1241 περὶ
1155 1155 1217 1225 αό-

268 1265 336 1325 τῶν
346 1265 414 1324 τῶν
424 1254 600 1339 παρόντων
627 1252 945 1342 άκράτισταυομίζω
972 1258 1089 1339 λέγειν.

699 1391 702 1398 .
714 1359 759 1432 15·
1112 1397 1115 1403 .

347 1451 550 1542 Ἐβουλόμην
561 1448 713 1538 άν-ὑμάς,
732 1445 887 1537 ιόάνδρες
895 1450 1080 1537 Ἀθηναῖοι,
1098 1443 1216 1539 ᾗπρός

204 1622 205 1627 ,
268 1552 346 1632 τοὺς
364 1553 485 1630 ἄλλους
501 1550 648 1630 ἅπαντας
664 1551 803 1620 είόθατε
824 1552 1075 1636 προσφέρεσθαι
1096 1559 1214 1635 φιλαν-

269 1650 419 1738 θρωπίᾳ,
441 1649 544 1735 ταότη
560 1652 616 1718 καί
632 1649 714 1736 πρὸς
729 1646 948 1735 δμᾶςαότοδς
957 1655 1119 1735 χρῆσθαι·
1140 1650 1215 1716 νυνὶ

269 1751 305 1814 δὲ
322 1746 477 1831 άμείυους
492 1747 564 1815 ἐστὲ
580 1745 620 1815 τά
639 1747 835 1815 τῶνᾶλλων
853 1744 943 1814 δεινά
960 1749 1179 1829 ἐπανορθοῦν
1194 1742 1276 1832 ἦιῖλῖ

221 1846 229 1855 ”
268 1851 336 1911 τῶν
354 1842 434 1929 ὑμῖν
451 1842 562 1922 αὐτοῖς
573 1845 827 1931 συμβαινόντων
838 1851 1032 1932 φροντίζειν.
1066 1848 1216 1932 ίσωςμὲν

269 1934 336 2008 οὖν
347 1937 428 2007 αὐτὸ
440 1940 539 2008 τοῦτό
551 1967 599 2019 τις
609 1937 653 2009 άν
663 1943 779 2029 φήσειε
789 1944 944 2028 μέγιστον
953 1947 1091 2010 ἔπαινον
1102 1948 1216 2028 φέρειν

268 2046 309 2125 τῇ
319 2037 423 2121 πόλει,
435 2040 472 2104 τό
484 2039 624 2123 μηδενὸς
634 2042 731 2108 ἕνεκα
742 2043 881 2125 κέρδους
892 2046 978 2109 ίδίου
988 2041 1136 2120 πολλοὺς
1146 2069 1216 2110 κιν-

270 2135 393 2215 δύνους
409 2135 492 2219 ὑπὲρ
509 2135 614 2204 αὐτοῦ
629 2146 690 2205 τοῦ
707 2143 836 2207 δικαίου
852 2146 1074 2226 προῃρῆσθαι.
1106 2138 1171 2225 ἐγῶ
1183 2139 1217 2206 δὲ

269 2235 393 2320 ταύτην
410 2232 441 2301 τ’
459 2233 648 2322 άληθῆτηυ
659 2237 759 2317 δόξαν
771 2237 855 2305 εἶναι
865 2244 984 2325 υομιῖω
994 2238 1146 2324 κατάτῆς
1156 2237 1218 2311 πό-,
1244 2246 1247 2253 ’

270 2341 365 2418 λεως,
388 2335 442 2400 καλ
453 2334 630 2420 βούλομαι,
652 2332 785 2404 κάκεῖνο
798 2334 829 2403 δ’
844 2333 1069 2422 ὑπολαμβάνω
1081 2336 1216 2422 σωφρό-

269 2459 339 2500 νων
349 2430 542 2518 άνθροόπων
554 2439 653 2520 ἔργον
663 2433 755 2520 εἶναι,
768 2444 845 2520 ίσην
854 2436 1017 2520 πρόνοιαν
1026 2440 1095 2501 τῶν
1106 2432 1217 2512 αὐτοῖς

270 2536 416 2614 οἰκείων,
438 2528 521 2616 ὅσην
531 2554 593 2613 περ
604 2539 672 2598 τῶν
685 2531 883 2616 άλλοτρίων,
905 2541 1089 2617 ποιεῖσθαι,
1105 2530 1214 2618 ἵναμὴ

270 2629 504 2714 φιλάνθρωποι
514 2628 635 2714 μόνον,
647 2627 731 2698 άλλά
741 2633 797 2698 καὶ
806 2638 890 2699 νοῦν
900 2637 1028 2718 ἔχοντες
1038 2638 1216 2718 φαίνησθε.

274 2746 277 2762 ‘
302 2742 305 2749 ’
410 2794 412 2796 ,
715 2737 770 2796 ΙΖ.

346 2824 453 2909 Ἴσως,
476 2817 504 2890 ά
520 2824 640 2910 ἄνδρες
649 2825 846 2914 Ἀθηναῖοι,
856 2830 1014 2916 προσήκει
1030 2835 1076 2918 τῷ
1093 2835 1217 2915 βουλο-
1246 2868 1250 2875 ·

270 2929 357 3012 μένφ
368 2949 399 2990 τι
410 2936 581 3008 παραινεῖν
592 2921 687 3010 ὑμῖν,
700 2925 787 2994 οὕτω
798 2933 977 3013 πειρᾶσθαι
988 2929 1097 3012 λέγειν
1108 2924 1154 3005 ὡς
1164 2926 1218 2993 καὶ

271 3022 457 3109 δυνήσεσθε
468 3016 656 3107 ὑπομεῖναι·
678 3029 709 3092 εί
719 3024 755 3092 δὲ
766 3024 810 3110 μὴ
822 3022 919 3110 τοῦτ’,
931 3023 1057 3111 ἀφέντα
1066 3030 1147 3103 τούς
1158 3024 1217 3091 άλ·

269 3130 349 3199 λους
366 3117 512 3197 ἅπαντας
528 3120 674 3206 λόγους,
686 3125 760 3205 περὶ
776 3121 888 3190 αὐτῶν
906 3115 955 3190 όν
970 3137 1120 3190 σκοπεῖτε
1132 3143 1217 3207 συμ-

270 3218 459 3304 βουλεύειν,
476 3220 531 3286 καδ
543 3217 645 3287 ταῦθ’
659 3216 704 3299 ὡς
716 3218 769 3287 διὰ
779 3221 1003 3307 βραχυτάτων.
1033 3218 1075 3287 οὐ
1086 3217 1152 3306 γάρ
1163 3223 1217 3288 ἐν·

271 3319 341 3403 δείᾳ
362 3344 417 3403 μοι
438 3323 562 3385 δοκεῖτε
583 3319 693 3404 λόγων
710 3317 789 3388 οὐδὲ
803 3326 868 3388 νῦν
886 3317 969 3405 ὁρᾶν
986 3316 1026 3386 τά
1042 3318 1218 3403 πράγματα

271 3413 378 3480 πάντα
395 3419 640 3502 λελυμασμένα,
661 3414 743 3486 άλλὰ
762 3425 807 3506 τῷ
818 3417 896 3496 τούς
908 3418 969 3504 μὲν
980 3419 1107 3486 ἑαυτῶν
1118 3418 1217 3485 ἕνεκα

272 3516 468 3598 δημηγορεῖν
488 3518 543 3584 καὶ
563 3497 820 3602 πολιτεύεσθαι,
834 3514 913 3595 τούς
928 3520 964 3584 δὲ
980 3514 1077 3601 μήπω
1094 3515 1217 3582 τούτου

272 3612 455 3690 δεδωκότας
481 3631 599 3699 πεῖραν
625 3623 751 3701 μᾶλλον
778 3614 868 3694 ὅπως
893 3607 932 3681 εὖ
954 3614 1089 3693 δόξουσι
1108 3616 1218 3698 λέγειν

273 3711 483 3796 σπουδάζειν,
504 3711 526 3800 ἦ
544 3723 614 3794 πῶς
629 3721 728 3799 ἔργον
745 3717 777 3794 ἐξ
795 3705 843 3782 (όν
859 3717 995 3798 λέγουσί
1002 3738 1032 3780 τι
1044 3713 1219 3798 συμφέρον
