3159 4409
442 485 448 491 ’
564 503 704 565 KATA
730 504 975 568 ΝεΑιΡΑΣ.
1177 511 1238 576 εει

293 665 456 784 βούλρμαι
472 670 587 750 σαφῶς
603 666 766 743 ἐπιδεῖξαι.
799 674 932 787 πρῶτον
948 659 1009 754 μὲν
1025 663 1088 737 οὐν
1104 669 1163 739 τὸν
1180 673 1239 741 νό-

294 789 359 849 μον
375 759 455 847 ὐμῑν
471 758 712 848 άναγνάσεται,
733 761 840 831 καθ’
828 762 869 831 ο“ν
885 766 947 852 τήν
963 793 998 834 τε
1013 767 1149 855 γραφὴν
1159 797 1240 838 ταν-

293 863 367 946 τηνλ
379 859 586 981 Θεόμνηστος
603 861 767 945 ἐγράψατο
785 862 874 931 uaz‘
858 861 981 949 οάγολν
991 858 1090 974 οὗτος
1100 873 1241 954 εἰσέρχε-

293 987 346 1027 ται
362 956 439 1038 είς
423 967 513 1045 υμάς.
760 1006 762 1010 -

680 1081 857 1143 ΝΟΜΟΣ.

376 1195 388 1272 [
392 1185 463 1254 Ἐάν
473 1190 504 1254 δέ
515 1185 624 1268 ξένος’
607 1198 682 1294 αστῇ
693 1198 817 1278 συνοικῇ
834 1187 958 1294 τέχνη”
937 1199 1084 1299 5555555
1096 1188 1240 1297 ᾑτινιοῦν,

332 1277 495 1422 γραφέσθω
511 1269 585 1360 πρὸς
601 1270 670 1350 τούς
685 1269 892 1355 θεσμοθέτας’
887 1273 1082 1376 Αθηναίιον’
1068 1302 1084 1340 ο
1091 1274 1241 1382 βρυλύμε-

332 1356 442 1435 νοςολς
459 1361 627 1436 έξεστικέ
627 1353 665 1422 ολν
683 1360 714 1422 δε
726 1357 791 1422 αλω
798 1354 990 1442 πεπράσθω
1001 1355 1099 1422 καλ
1062 1386 1149 1435 αυτος
1157 1357 1240 1442 καλη

333 1437 465 1506 οὐδέν’
429 1449 548 1547 αυτού,
554 1438 754 1545 καὶτοτρίτον
765 1404 851 1524 μέρος
863 1444 935 1506 έστω
947 1450 1000 1505 τοῦ
1016 1441 1154 1552 έλρίντος
1170 1447 1241 1508 έστω

333 1527 365 1590 δέ
376 1529 426 1590 καλ
437 1522 514 1590 5521‘
499 1553 518 1607 η
530 1529 649 1630 ξένη
607 1552 647 1588 τοι
660 1522 740 1610 άστῷ
734 1532 877 1632 συνοικῇ
885 1521 960 1588 κατά
970 1521 1072 1607 ταύτά,
1083 1523 1158 1592 καὶὸ
1170 1548 1239 1591 συν

334 1617 424 1673 υικιθν
433 1636 469 1694 τη
456 1613 546 1696 ξένη
556 1635 592 1695 τη
578 1591 714 1694 άλούση
720 1587 867 1688 ὀφειλέτω
877 1614 969 1690 χιλίας
981 1608 1132 1693 δραχμάς]

245 1760 279 1814 17
377 1742 445 1800 T05
456 1736 567 1820 μὲν
527 1761 633 1820 νυμον
644 1734 788 1803 τοίνυν’
770 1735 947 1822 ακηκόατε,
969 1763 995 1803 ω
983 1729 1132 1822 άνδρες
1144 1743 1238 1806 δικα-

291 1835 380 1918 σταλ,
393 1830 428 1912 ὃς
440 1832 501 1900 οὐκ
515 1837 553 1923 55
562 1833 624 1922 τὴν
637 1839 734 1920 ξένην
747 1842 795 1924 τῷ
811 1833 899 1923 άστῷ
910 1850 1077 1904 συνοικεῖν
1089 1835 1166 1906 οὐδὲ
1177 1840 1238 1924 τὴν

290 1931 451 2020 άστηντςό
462 1937 542 2023 ξένην
551 1985 560 2017 ,
583 1932 662 2002 οὐδὲ
672 1938 955 2019 παιδοποιεῖσθαι,
977 1940 1073 2022 τέχνη
1085 1933 1163 2004 οὐδὲ
1173 1963 1238 2022 μη-

290 2039 374 2120 χανῇ
385 2032 537 2120 οὐδεμιᾷ·
570 2033 628 2100 ἐάν
647 2035 686 2101 δέ
699 2058 748 2111 τις
764 2030 854 2153 παρά
870 2040 974 2100 ταῦτα
984 2042 1080 2122 ποιῇ,
1103 2034 1238 2122 γραφήν

290 2139 446 2217 πεποίηκε
457 2128 523 2200 κατ’
539 2129 652 2200 αὐτοῖν
649 2124 748 2199 εἶναι
759 2133 842 2216 πρὸς
851 2130 929 2209 τούς
940 2135 1164 2218 θεσμοθέτας,
1176 2160 1237 2201 κα-

290 2229 329 2297 τά
339 2255 374 2298 τε
386 2256 446 2348 τομ
434 2234 554 2310 ξένου
564 2232 670 2297 καλ
629 2256 687 2316 της
697 2226 857 2316 ξένης,”
813 2256 878 2297 καν
888 2227 968 2318 ἁλῷ,
979 2241 1170 2325 πεπρᾶσθαι
1181 2258 1236 2298 κε-
1247 2242 1312 2296 1351

288 2329 386 2398 λεύει,
412 2326 455 2408 ὡς
467 2323 530 2396 οὐν
541 2333 608 2395 ἐστι
619 2334 693 2413 ξένη
705 2330 833 2413 Νέαιρα
845 2325 946 2412 αὐτη,
958 2326 1084 2394 τοῦθΗ
1064 2343 1143 2414 υμῖν
1154 2331 1237 2416 βού-

288 2432 429 2513 λομαιέξ
441 2424 542 2546 ἀρχῆς
552 2425 696 2512 άκριβως
710 2428 829 2502 έπιδεῑξ
813 2429 873 2502 ξαι.

244 2545 279 2598 18
369 2522 466 2594 Επτά
485 2526 549 2611 γάρ
567 2524 689 2602 ταύτας
705 2527 880 2610 παιδίσκας
900 2524 936 2588 ἐκ
953 2531 1081 2607 μικρῶν
1096 2529 1237 2592 παιδίων

289 2625 445 2711 ἐκτήσατο
466 2625 649 2710 Νικαρέτη,
672 2629 835 2709 Χαρισίου
853 2622 914 2707 μέν
929 2614 1013 2689 οὐσα
1030 2629 1090 2690 τού
1107 2622 1237 2692 Ἠλείου

289 2722 512 2807 άπελευθέρα,
531 2720 657 2790 Ἱππίου
674 2723 709 2790 δὲ
721 2728 782 2789 τοῦ
792 2728 952 2807 μαγείρου
963 2730 1023 2789 τοῦ
1034 2726 1164 2792 ἐκείνου
1174 2750 1237 2808 γν-

288 2822 341 2907 νη,
355 2823 445 2907 δεινη
458 2823 493 2891 δέ
506 2822 610 2907 φύσιν
620 2829 747 2908 μικρῶν
764 2826 906 2890 παιδίων
916 2828 1064 2892 συνιδεῖν
1076 2822 1235 2910 εὐπρεπῆ,

288 2924 345 2990 καλ
355 2930 457 2989 ταῦτα
467 2925 661 3008 ἐπισταμένη
673 2925 801 3010 θρέψαιΙ
809 2926 863 2990 καλ
880 2928 1054 2991 παιδεύσαι
1065 2926 1233 3010 ἐμπείρως,

287 3025 406 3107 τέχνην
424 3021 549 3108 ταύτην
567 3027 851 3109 κατεσκευασμένη
870 3024 925 3090 καλ
946 3019 1009 3090 άπὸ
1029 3023 1158 3090 τούτων
1176 3018 1237 3089 τὸν
1277 3085 1280 3090 .

241 3143 277 3198 19
287 3130 364 3210 βίον
385 3125 628 3207 συνειλεγμένη.
671 3131 897 3207 προσειποῦσα
920 3119 952 3188 δ’
975 3119 1077 3199 αὐτάς
1098 3117 1236 3206 ὀνόματι

285 3222 488 3304 θυγατέρας,
512 3216 552 3288 ἵν’
566 3218 608 3298 ὡς
625 3226 798 3306 μεγίστους
809 3218 954 3307 μισθούς
971 3220 1146 3304 πράττοιτο
1158 3220 1236 3299 τούς

285 3322 510 3405 βουλομένους
521 3319 709 3406 πλησιάζειν
726 3318 840 3399 αὐταῖς
853 3317 898 3397 νίς
910 3322 1099 3401 ἐλευθέραις
1109 3315 1234 3404 οὐσαις,

285 3417 397 3504 ἐπειδη
411 3418 472 3505 τὴν
482 3417 614 3506 ἡλικίαν
625 3420 838 3503 έκαρπάσατο
852 3415 964 3484 αὐτῶν
979 3415 1129 3502 ἑκάστης,
1151 3427 1234 3486 συλ-

285 3514 412 3602 λήβδην
422 3519 476 3585 καλ
487 3515 526 3601 τά
539 3518 674 3604 σάματα
685 3515 824 3586 άπέδοτο
836 3514 992 3601 άπασιόν,
1018 3515 1098 3583 ἑπτά
1109 3515 1232 3595 οὐσῶν,

275 3613 429 3683 ’Ἀντειαν
451 3619 506 3686 καλ
516 3618 712 3702 Στρατόλαν
733 3619 787 3683 καὶ
799 3614 1043 3698 Ἀριστόκλειαν
1052 3616 1107 3682 καλ
1118 3613 1233 3680 Μετά-

284 3716 465 3794 νειρανκαλ
476 3722 583 3783 Φίλαν
597 3718 652 3784 καλ
670 3714 840 3802 Ἰσθμιάδα
851 3717 906 3782 καλ
916 3718 1065 3802 Νέαιραν
1085 3717 1230 3796 ταυτηνί.
