3159 4409
374 479 498 544 ΚΑΤΑ
519 480 668 542 EYEPI'.
690 479 775 540 ΚΑΙ
792 480 987 543 ΜΝΗΣΙΒ.
1014 483 1147 544 vm.
1177 481 1238 546 101

289 647 397 728 ψευδῆ
407 640 684 729 μεμαρτυρήκασι,
698 640 837 726 δηλω’σω
847 638 935 727 ῦμίν.
958 635 1050 710 οὗτοι
1060 642 1135 729 γὰρ,
1148 653 1240 730 είπερ

290 740 402 828 ἀληθῆ
417 735 461 827 ήυ
478 739 500 807 δι’
516 761 599 825 φασι
621 742 891 822 προκαλέσασθαι
911 738 972 807 τόν
989 741 1169 827 Θεόφημον
1184 745 1240 810 καὶ

290 838 512 924 παραδιδόναι
528 835 564 906 τό
579 845 673 924 σῶμα
689 843 747 923 τῆς
763 834 965 920 ἄνθρωπον,
987 835 1050 905 οῦκ
1071 833 1114 906 όν
1130 839 1239 927 δήπου

291 939 353 1007 δόο
366 937 491 1025 μόνους
501 936 672 1024 μάρτυρας
688 926 883 1021 ἐποιήσαντο
902 934 1066 1022 κηδεστήν
1076 939 1131 1004 καί
1141 934 1240 1005 όιδελ-

291 1035 370 1122 φδυ,
383 1034 515 1123 τάληθῆ
525 1042 794 1122 μαρτυροῦντας,
806 1034 890 1103 ἀλλὰ
902 1037 958 1103 καλ
969 1033 1091 1115 ἄλλους
1101 1030 1145 1102 α”υ
1157 1046 1239 1105 πολ-

248 1151 283 1204 12
291 1136 379 1215 λοός.
411 1133 432 1222 ή
450 1133 512 1222 μὲν
527 1132 592 1222 γὰρ
610 1139 717 1202 δίαιτα
734 1135 771 1202 ἐν
787 1141 830 1221 τή
844 1130 958 1222 ήλιαίηι
974 1127 1033 1221 ήν·
1056 1139 1091 1202 ολ
1104 1135 1169 1220 γὰρ
1179 1133 1241 1222 τήν

294 1239 433 1321 Οἰνηΐδα
452 1238 508 1303 καὶ
525 1232 586 1321 τήν
600 1231 792 1320 Ἐρεχθηίδα
807 1237 996 1314 διαιτῶντες
1011 1238 1162 1303 ἐνταῦθα
1178 1234 1241 1302 κό-

292 1343 428 1422 θηυται·
459 1342 527 1402 τοῖν
543 1332 579 1402 δὲ
596 1333 757 1401 τοιοότωυ
779 1330 1012 1418 προκλήσεων,
1035 1331 1117 1400 ὅταν
1136 1359 1185 1411 τις
1203 1331 1240 1401 τδ

292 1442 387 1520 σωμα
408 1438 579 1521 παραδιδῷ
605 1438 758 1518 κομίσας,
787 1433 906 1522 πολλοὶ
927 1439 1141 1515 προΐστανται
1159 1435 1242 1500 ἐπα-

291 1532 450 1611 κούοντες
469 1540 538 1599 τῶν
560 1533 766 1617 λεγομένων,
799 1528 882 1596 ὥστε
912 1527 974 1598 οῦκ
1000 1527 1044 1599 ἄν
1068 1521 1260 1618 ἠπόρησαν

290 1630 486 1718 μαρτόρωυ,
509 1638 599 1712 είπερ
622 1630 678 1696 καὶ
698 1625 888 1719 ὁπωστιοῦν
908 1626 1036 1717 ἀληθής
1056 1623 1134 1717 ήνή
1155 1651 1318 1718 pao-1143

290 1737 398 1815 τυρία.
1014 1812 1016 1816 Α
1137 1790 1141 1795 .

247 1846 283 1901 13
377 1826 664 1912 Μεμαρτυρήκασι
673 1831 798 1913 τοίνυν,
813 1819 971 1911 εόῦνδρες
982 1831 1141 1914 δικασταὶ,
1152 1831 1189 1898 έν
1200 1836 1240 1916 τή

292 1924 378 2014 αῦτή
387 1932 551 2012 μαρτυρίᾳ
568 1922 612 2004 οῦς
628 1923 692 2010 έγῦ
711 1922 774 1993 οῦκ
791 1928 943 2013 ἐθέλοιμι
954 1924 1196 2015 ἀναβαλέσθαι,
1221 1924 1240 1996 ὁ

292 2027 328 2094 δὲ
340 2025 514 2112 Θεόφημος
524 2024 664 2110 κελεύοι,
672 2029 728 2093 ἵνα
738 2052 795 2111 μοι
805 2029 969 2112 παραδοίη
977 2021 1038 2112 τήν
1045 2026 1239 2112 ἄνθρωπον.

293 2122 338 2203 ὡς
348 2126 384 2192 δὲ
395 2121 457 2191 οῦκ
469 2121 591 2209 ἀληθὲς
601 2121 688 2191 τοῦτ’
704 2128 796 2192 ἔστιν
807 2122 872 2210 έμώ
882 2121 971 2211 ῦμᾶς
982 2125 1113 2206 διδάξω.
1140 2133 1171 2194 εί
1178 2127 1241 2212 μὲν

293 2224 356 2309 γὰρ
368 2214 430 2309 εἠιό
448 2221 509 2291 τὸν
520 2223 698 2309 Θεόφημον
714 2225 839 2310 ταύτην
856 2222 918 2310 τήν
933 2223 1117 2309 πρόκλησιν
1133 2223 1241 2308 προῦ-

293 2321 474 2408 καλοόμην,
485 2319 528 2406 ήν
538 2320 830 2407 μεμαρτυρήκασιν
840 2317 941 2406 αὐτῷ,
953 2319 1054 2400 ἀξιῶν
1065 2320 1169 2390 αὐτὸν
1180 2321 1241 2406 τήν

250 2440 286 2493 14
294 2417 479 2504 ἄνθρωπον
489 2423 713 2506 παραδοῦναι,
736 2418 871 2496 εἰκότως
882 2417 931 2510 όὶν4
942 2443 999 2503 μοι
1010 2418 1152 2497 τούτους
1162 2418 1241 2504 τοῦς

294 2517 415 2603 λόγους
432 2515 648 2601 ἀπεκρίνατο,
663 2514 892 2602 ἀναβαλέσθαι
908 2514 1058 2583 κελεόωυ
1078 2516 1139 2602 τήν
1156 2521 1258 2585 δίαι-Ι

294 2642 357 2685 ταυ
368 2623 413 2696 είς
425 2613 487 2703 τήν
499 2613 641 2701 ὑστέραν
652 2612 815 2700 σόυοδον,
834 2618 890 2689 ἵνα
900 2619 1019 2702 κομίση
1031 2610 1092 2700 τήν
1104 2606 1242 2700 όὶυθρω-

294 2740 360 2783 που
377 2717 432 2784 καὶ
446 2720 584 2804 παραδῷ
595 2736 668 2801 μοι·
698 2720 766 2780 νῦν
776 2713 814 2781 δὲ
824 2711 861 2782 σὲ
872 2711 976 2782 αὐτόν
986 2713 1242 2800 μεμαρτυρήκα-

261 2889 265 2898 ,
294 2837 365 2900 σιν,
378 2807 405 2881 ὦ
416 2814 581 2901 Θεόφημε,
594 2815 723 2883 ἐθέλειν
738 2814 959 2898 παραδιδόναι
972 2811 1035 2900 τήν
1046 2813 1241 2899 ἄνθρωπον,

294 2914 351 2982 καὶ
370 2912 424 2999 ἐμὲ
441 2912 485 2998 μή
503 2916 632 2983 ἐθέλειν
648 2921 862 3001 παραλαβεῖν.
894 2921 964 2994 πῶς
985 2908 1049 2982 οῦν
1067 2912 1110 2982 σῦ
1127 2912 1242 2995 πόριος

294 3011 357 3098 μὲν
368 3008 416 3079 όν
427 3020 484 3098 τής
494 3010 697 3099 ἄνθρωπον,
714 3015 845 3100 μέλλων
856 3014 891 3082 δὲ
907 3022 1148 3099 προκαλεῖσθαι
1161 3008 1243 3076 τοιό-

294 3137 356 3196 την
367 3107 428 3196 τήν
438 3109 622 3198 πρόκλησιν
637 3109 681 3197 ήν
694 3111 969 3198 μεμαρτυρήκασί
983 3135 1052 3196 σοι,
1075 3108 1244 3196 καταφεῦ-

250 3233 285 3285 15
294 3235 366 3295 μων
376 3209 412 3277 δὲ
423 3213 469 3288 είς
479 3207 541 3294 τήν
557 3208 740 3294 ἄνθρωπον
751 3214 826 3298 περὶ
843 3218 904 3278 τοῦ
916 3215 1063 3294 δικαίου,
1089 3207 1193 3276 ἄλλον
1207 3211 1244 3276 δι’

295 3327 349 3376 σοι
360 3305 498 3386 οὐδενός
515 3306 611 3388 ὄντος
621 3309 789 3395 μάρτυρος
806 3308 851 3388 ὥς
868 3308 1010 3395 ἐπλήγης
1021 3303 1074 3382 ὑπ’
1087 3310 1171 3394 ἐμοῦ
1181 3306 1243 3393 ἄρ-

294 3432 411 3492 χοντος
425 3414 547 3493 χειρῶν
564 3405 704 3495 ἀδίκων,
727 3407 788 3494 οὐχ
805 3401 882 3494 ήκες
892 3413 975 3492 ἔχων
985 3405 1050 3492 τήν
1058 3404 1242 3491 ἄνθρωπον

295 3505 378 3593 πρὸς
394 3504 454 3573 τὸυ
471 3507 640 3594 διαιτητήν
657 3510 712 3576 καὶ
731 3512 929 3591 παρεδίδους
949 3505 986 3573 τό
1003 3514 1096 3594 σῶμα
1113 3503 1242 3588 παροῦ-

295 3623 355 3690 σης
365 3612 423 3690 τῆς
435 3600 630 3693 ἀνθρώπου,
642 3604 758 3689 κῦριός
768 3631 807 3692 με
818 3601 866 3673 όν
877 3605 993 3691 αῦτής;
1014 3602 1098 3675 ἀλλὰ
1107 3603 1169 3690 τήν
1179 3600 1241 3687 μὲν

295 3696 480 3789 πρόκλησιν
492 3700 557 3792 φής
567 3708 847 3789 προκαλέσασθαι,
866 3702 927 3790 τήν
939 3702 970 3772 δ’
984 3693 1169 3789 ἄνθρωπον
1180 3695 1241 3796 οῦ-
