3159 4409
571 489 715 551 ΚΑΤΑ
742 488 987 551 ΝΕΑΙΡΑΣ.
1190 488 1253 559 205

336 661 393 737 εἴη
403 657 436 719 ἐκ
448 660 499 758 τῆς
508 646 719 800 θνγατρὸςτης
729 655 875 735 Νεαίρας,
897 647 1022 714 κοιλάειν
1031 648 1156 735 εἰσάγειν
1169 651 1251 740 Φρά-

347 733 526 821 στορατὸνν
528 740 596 818 ί.ον]
724 807 730 812 ,

258 866 293 920 62
393 847 531 918 Οὐκοῦν
546 842 737 932 περιφανῶς
754 841 995 913 όποδεικνύο’
974 857 1055 931 υμῖν
1065 842 1171 912 κάλ’
1130 812 1252 927 αυτοάς

305 978 383 1030 τους
393 948 762 1029 οίκειοτατουςΝεαιρας
772 946 908 1029 ταυτησί
918 969 1252 1031 καταμεμαρτυρηκο·

304 1076 362 1128 τας
375 1046 417 1128 άς
428 1051 496 1117 ἔστι
507 1050 592 1132 ξένη,
605 1043 792 1166 Στέφανόν
791 1069 827 1111 τε
836 1041 1012 1112 τουτονί
977 1067 1038 1111 τον
1047 1049 1162 1130 έχοντα
1170 1043 1252 1111 ταά-

303 1177 364 1238 την
373 1153 451 1218 νυνλ
462 1149 518 1216 καὶ
527 1139 739 1213 σννοικουντ
748 1139 851 1231 αὐτῇ,
868 1144 924 1210 καί
935 1141 1156 1227 Φραστορα
1121 1170 1181 1211 τον
1191 1151 1252 1210 λα

304 1249 408 1336 βάντα
424 1247 485 1332 τήν
501 1230 687 1368 θυγατέρα,
708 1244 887 1327 Στέφανον
902 1232 1015 1327 μέν’
975 1267 1037 1310 ουκ
1047 1240 1251 1329 ἐθελήσαντα

304 1339 558 1430 αγωνίσασθαι
540 1343 624 1424 νπερ
633 1367 691 1427 της
700 1336 1071 1426 θυγατροςτηςταυτης,
1081 1343 1251 1426 γραφευτα

304 1442 370 1510 ὑπὸ
388 1440 579 1527 Φράστορος
595 1437 678 1524 πρὸς
694 1464 772 1517 τους
791 1435 1042 1523 θεσμοθέτας*
1021 1464 1064 1516 ως
1077 1437 1251 1525 Ἀθηναῖος

305 1537 354 1609 άν
373 1543 465 1624 ξένης
477 1541 647 1623 θυγατέρα
658 1534 750 1622 αὐτῷ
765 1530 952 1622 ἠγγύησεν,
976 1533 1048 1604 ἄλλ’
1062 1534 1251 1606 άποστάντοι

258 1657 294 1711 63
304 1647 361 1724 τῆς
378 1633 515 1722 προικός
524 1636 580 1702 καὶ
591 1633 654 1702 οὐκ
666 1633 896 1722 άπολαβόντα,
919 1632 1095 1722 Φράστορα
1106 1633 1136 1703 δ’
1150 1639 1250 1723 ἐμβα

303 1737 405 1805 λόντα
422 1759 456 1801 τε
467 1730 528 1820 τήν
537 1737 707 1819 θυγατέρα
717 1732 779 1821 τήν
788 1740 934 1816 Νεαίρας
943 1739 1080 1822 ταυτησί
1088 1734 1249 1824 γήμαντα,

302 1830 414 1918 ἐπειδή
433 1829 636 1917 ἐπάθετοοό
646 1833 830 1920 Στεφάνου
846 1826 966 1921 οὖσαν,
989 1837 1044 1904 καί
1059 1834 1121 1922 τήν
1130 1849 1248 1921 προῖκα

302 1931 365 2000 οὐκ
387 1929 571 2018 ἀποδόντα,
601 1933 713 2020 ἐπειδή
733 1959 769 2000 τε
791 1936 931 2022 ἐπείσθη
948 1932 1091 2018 ὕστερον
1113 1932 1167 2002 διά
1187 1933 1248 2020 τήν

298 2028 481 2099 άσθέυειαν
490 2028 553 2117 τήν
563 2029 670 2099 αὑτοῦ
680 2034 737 2101 καὶ
749 2031 811 2119 τήν
820 2028 977 2100 ἀπαιδίαν
987 2035 1042 2102 καὶ
1052 2031 1114 2120 τήν
1123 2037 1248 2118 ἔχθραν

299 2127 362 2217 τήν
378 2128 461 2216 πρός
477 2128 554 2211 τούς
566 2136 708 2210 οἰκείους
720 2130 921 2217 ποιήσασθαι
930 2129 991 2200 τόν
1000 2130 1093 2217 υἱόν,
1114 2134 1168 2200 καλ
1179 2134 1248 2200 ἐπεὶ

299 2235 430 2316 είσήγευ
440 2235 486 2308 είς
496 2228 576 2308 τους
585 2231 762 2316 γεννήτας,
777 2226 1083 2314 ἀποψηφισαμένων
1092 2237 1160 2297 τῶν
1170 2256 1248 2314 γεν-
1304 2240 1309 2244 “

278 2389 279 2392 ,
299 2334 409 2412 νητεόν
420 2328 475 2394 καί
486 2326 650 2394 διδόντων
659 2325 762 2410 ὅρκον
775 2322 864 2414 αὐτῷ
876 2325 940 2394 οὐκ
951 2327 1154 2413 ἐθελήσαντα
1165 2326 1247 2413 ὀμό-

300 2446 371 2512 σαι,
392 2425 475 2494 άλλά
493 2432 621 2512 μάλλον
638 2423 789 2509 εὐορκεῖν
804 2423 1045 2509 προελόμενον,
1067 2426 1122 2491 καὶ
1134 2424 1247 2508 ἑτέραν

298 2522 441 2608 ὕστερον
450 2524 600 2610 γήμαντα
610 2536 752 2608 γυναῖκα
763 2521 869 2609 άστήν
878 2519 962 2590 κατά
973 2519 1033 2589 τόν
1041 2523 1160 2608 νόμον·
1183 2517 1247 2591 αά-

298 2620 431 2706 ταιγάρ
449 2625 485 2688 αί
501 2621 633 2705 πράξεις
649 2634 842 2707 περιφανεῖς
858 2612 956 2689 οὖσαι
965 2619 1108 2706 μεγάλας
1120 2646 1246 2708 μαρτν-

299 2726 371 2803 ρίας
381 2719 543 2787 δεδώκασι
551 2716 626 2788 κατ’
638 2717 767 2808 αὐτῶν,
787 2718 839 2788 ότι
849 2724 916 2789 ἔστι
926 2723 1001 2807 ξένη
1011 2722 1140 2805 Νέαιρα
1150 2719 1243 2806 αὕτη.

253 2849 289 2904 64
383 2822 562 2898 Σκέψασθε
579 2819 615 2888 δὲ
628 2822 684 2888 καλ
693 2820 755 2906 τήν
774 2823 1026 2904 αἰσχροκερδίαν
1040 2816 1102 2906 τήν
1111 2818 1245 2904 Στεφά-

299 2917 505 3004 νοντοντονὶ
514 2919 569 2985 καί
578 2917 640 3004 τήν
650 2925 824 3040 ποηηρίαν,
833 2923 889 2987 ἵνα
899 2920 954 2987 καὶ
963 2921 1000 2988 ἐκ
1010 2916 1154 3005 ταύτηςε
1156 2923 1244 3003 ίδήτε

298 3011 351 3080 ότι
367 3013 428 3080 οὐκ
446 3019 514 3082 ἔστι
533 3018 661 3099 Νέαιρα
677 3014 761 3102 αότη
779 3015 871 3105 άστή
901 3014 1089 3086 Ἐπαίνετον
1104 3017 1167 3102 γὰρ
1184 3016 1244 3084 τόν

288 3108 448 3195 ’Ἄνδριον
464 3108 643 3197 έραστήν”
622 3138 703 3180 οντα
718 3120 863 3235 Νεαίρας
878 3117 1014 3203 ταυτησὶ
1030 3114 1170 3210 παλαιόν
1189 3118 1244 3184 καί

297 3206 404 3276 πολλά
426 3205 620 3331 άγηλοικότα
641 3216 687 3290 είς
710 3209 816 3300 αότήν
836 3214 892 3282 καί
912 3203 1137 3298 καταγόμενον
1153 3211 1241 3297 παρά

296 3334 426 3428 τρντοις
442 3305 543 3377 ὁπότε
561 3309 813 3398 έπιδημήοειεν’
808 3311 964 3396 Αθήναζε
980 3308 1032 3377 διά
1050 3307 1113 3396 τήν
1128 3318 1241 3397 φιλίαν

251 3431 285 3485 65
296 3433 358 3493 την
367 3413 529 3494 Νεαίρας,
552 3410 973 3496 ἐπιβουλεύσαςΣτέφανος
991 3405 1119 3496 αντοσλ,
1140 3437 1240 3497 μεταψ
1251 3423 1319 3479 1367

296 3506 507 3592 πεμψάμενος
524 3512 570 3586 εἰς
586 3506 691 3594 άγρόν
703 3506 871 3594 άςθάοον,
892 3506 1051 3594 λαμβάνει
1061 3508 1176 3594 μοιχόν
1187 3510 1240 3575 ἐπὶ

294 3611 336 3690 τῇ
350 3608 494 3690 θυγατρί
511 3613 553 3694 τῇ
562 3613 709 3694 Νεαίρας
725 3608 877 3692 ταυτησί,
898 3608 953 3674 καλ
964 3605 1128 3692 εἰς’φόβον
1138 3629 1240 3672 κατα-

294 3699 415 3787 στήσας
432 3702 606 3788 πράττεται
623 3713 708 3792 μναῖς
717 3705 916 3800 τριάκοντα,
933 3703 1116 3791 ναὶλυθάιυ
1127 3706 1254 3783 wm-
