3159 4409
308 494 371 560 158
393 496 394 503 '
550 501 579 556 L.
601 495 1016 558 ΔΗΜΟΣΘΕΝΟΤΣ

309 655 462 744 ἔθηκα
425 682 484 736 τας
494 652 719 744 προεισφορας
738 679 876 741 πρωτος.
910 653 1024 725 καῖ’
985 682 1049 754 ουκ
1065 654 1261 744 εἰσεπραξά-

310 783 376 876 μην
394 753 497 824 διά
461 782 500 825 το
515 755 590 825 τότε
607 753 679 852 μὲν
684 753 867 842 ἀποδημεῖν
885 753 1006 844 ῦπέρ’
986 783 1084 844 υμων
1100 781 1261 846 τριηραρ-

295 882 395 942 Ιηων,
416 853 560 940 ὕστερον
576 852 613 922 δέ
628 854 859 934 καταπλεύσας
868 863 1067 942 καταλαβεῖν
1076 883 1117 924 τα
1105 856 1242 943 μέν’
1201 883 1261 926 εν-

251 956 257 964 ’
295 949 457 1040 ποραῦφ
455 951 1019 1040 ’έτέρωυπροεξειλεγμένα,τάδ”’
997 979 1106 1043 απορα
1118 954 1261 1025 ῦπόλοι-

268 1072 302 1124 10
310 1080 364 1122 πα.
379 1054 547 1122 καὶταῦτα
558 1051 609 1121 ότι
620 1051 729 1139 ἀληθῆ
742 1058 827 1139 λέγω
837 1054 921 1138 πρὸς
932 1051 1028 1142 ὑμεῖς,
1040 1056 1172 1123 τούτων
1180 1053 1260 1144 ὑμῖν

310 1152 537 1238 ἀναγνώσεται
563 1150 620 1231 τάς
640 1159 821 1238 μαρτυρίας
840 1160 909 1220 τοῖν
926 1179 962 1220 τε
980 1153 1021 1220 τά
1044 1153 1260 1241 στρατιωτικοὶ

309 1252 383 1321 τότε
394 1250 657 1336 εἰσπραττόντων
666 1253 720 1319 καὶ
730 1259 799 1319 των
810 1248 1037 1338 ἀποστολέων,
1049 1254 1105 1320 καὶ
1114 1251 1196 1332 τοῦς
1205 1279 1260 1341 μι-

309 1348 416 1430 σθοῦς
427 1346 486 1430 οῦς
496 1365 567 1430 ταῖς
576 1348 769 1438 ὑπηρεσίαις
778 1351 834 1418 καὶ
843 1365 912 1430 τοῖς
922 1352 1090 1438 ἐπιβάταις
1101 1350 1185 1421 κατὰ
1196 1359 1261 1441 μῦ-

309 1477 352 1518 να
371 1453 518 1537 έδίδουν,
542 1448 631 1537 παρά
649 1459 718 1519 τῦν
736 1457 930 1536 στρατηγῶν
949 1457 1136 1538 σιτηρέσιον
1153 1452 1261 1539 μόνον

221 1580 223 1584 ⁴
310 1550 506 1637 λαμβάνων,
529 1547 616 1636 πλην
627 1554 722 1618 δυοῖν
733 1563 854 1637 μηνοῖν
863 1548 970 1635 μόνον
980 1548 1106 1636 μισθὸν
1116 1553 1154 1618 έν
1164 1552 1260 1619 πέντε

310 1651 390 1736 μησὶ
399 1650 454 1717 καὶ
464 1652 606 1739 ἐνιαυτῷ
613 1699 623 1735 ,
636 1651 691 1717 καὶ
701 1648 780 1728 τοῦς
790 1649 915 1727 ναύτας
925 1647 1004 1728 τοῦς
1014 1654 1259 1736 μισθωθέντας,

310 1750 365 1816 καὶ
375 1747 458 1815 ὅσον
468 1749 604 1826 ἕκαστος
612 1752 730 1834 ἔλαβεν
739 1745 1003 1835 ἀργόριο·ν,ίν’έκ
1014 1747 1143 1830 τούτων
1154 1753 1260 1836 εἰδῆτε

310 1845 372 1934 τὴν
383 1844 464 1933 έμην
476 1854 686 1933 προθυμίαν,
704 1848 759 1914 καί
770 1840 867 1925 οὗτος
878 1845 960 1914 διότι
971 1855 1176 1934 παραλαβεῖν
1186 1845 1258 1934 παρ’

310 1950 393 2032 έμοῦ
402 1943 464 2041 τὴν
475 1952 563 2012 ναῦν
573 1943 635 2013 οῦκ
646 1943 786 2033 ἤθελεν,
798 1944 909 2031 ἐπειδή
920 1972 976 2031 μοι
986 1945 1003 2014 ό
1013 1946 1134 2034 χρόνος
1143 1949 1260 2034 ἐξῆλθε

309 2050 597 2132 τῦετννοαοιίνε·
982 2135 985 2139 ,

661 2148 921 2212 ΜΑΡΊῪΡΙΑΙ.

268 2281 321 2334 Π
386 2240 458 2310 ’Ότι
476 2243 538 2330 μὲν
552 2250 669 2312 τοίνυν
688 2268 730 2309 ου
720 2241 911 2329 ’ψεύδομαι
929 2240 1012 2328 πρὸς
1023 2268 1110 2328 υμας
1126 2234 1241 2328 περὶ
1212 2269 1260 2310 ων

311 2337 456 2429 είπον,
429 2371 456 2412 ω
467 2343 587 2432 ἀνδρες
597 2344 762 2430 δικασταί,
780 2350 849 2411 τῶν
864 2350 1057 2464 μαρτυριῶν
1073 2341 1260 2428 ἀναγνγνω-
1290 2359 1299 2375 ‘

311 2447 484 2530 σκομένων
506 2441 678 2564 ἀκηκόατε.
721 2447 769 2511 ἔτι
790 2442 826 2512 δὲ
844 2432 968 2527 περὶ
941 2468 990 2509 ων
1010 2446 1117 2528 μέλλω
1138 2445 1257 2527 λέγειν,

294 2539 453 2622 ἅπαντές
472 2568 529 2628 μοι
550 2539 832 2628 ὁμολογήσετεότι
853 2539 964 2627 ἀληθη
984 2542 1081 2607 ἐστιν.
1104 2539 1259 2659 τριήρους
1282 2608 1284 2614 s

263 2639 375 2728 γὰρ
386 2638 592 2726 ὁμολογεῖται
608 2640 786 2721 κατάλυσις
797 2639 883 2709 εἶναι
899 2640 1122 2728 πρῶτονμὲν,
1144 2637 1256 2707 ίάν
1214 2665 1257 2726 μη

306 2739 438 2825 μισθον
448 2764 497 2817 τις
507 2743 588 2829 διδω
594 2739 774 2826 δευτέρον
785 2740 836 2826 δέ
853 2738 914 2808 έαν
924 2739 1014 2819 είς
980 2765 1041 2806 τον
1049 2745 1261 2824 Πειραιῦμε-

294 2835 393 2918 ταξυ
402 2838 629 2927 καταπλευση
652 2837 822 2920 απολειηίς
830 2865 866 2907 τε
882 2865 948 2926 γαρ
959 2845 1092 2925 πλείστη
1102 2846 1259 2924 γιγνεται,

312 2942 347 3005 οι
360 2962 397 3004 τε
414 2939 658 3023 παραμένοντες
673 2964 742 3006 των
757 2946 891 3007 ναυτιᾶν
908 2936 971 3006 οῦκ
988 2940 1143 3006 ἐθέλουσι
1161 2937 1261 3005 πόλιν

311 3039 487 3123 ἐμβαίνειν,
509 3034 569 3103 έάν
588 3037 634 3124 μη’
653 3063 703 3118 τις
724 3035 836 3116 αὐτοῖς
856 3038 971 3125 ἕτερον
993 3035 1156 3124 ἀργύριον
1179 3040 1261 3126 διδῷ

211 3199 213 3201 ,
313 3134 396 3204 ὥστε
411 3133 453 3204 τά
470 3142 573 3204 οίκεῖα
592 3137 833 3224 διοικήσασθαι.
867 3133 976 3222 ἀέμολ
992 3133 1261 3223 ἀμφότερασυν-

294 3245 296 3252 ’
313 3234 382 3318 έβη,
395 3226 553 3320 όάνδρες
563 3237 729 3320 δικασταὶ,
752 3233 837 3309 ὥστε
846 3238 1126 3318 πολυτελεστέραν
1136 3259 1195 3320 μοι
1203 3258 1261 3321 γε-
1268 3251 1314 3310 1211

271 3356 304 3409 12
313 3332 431 3398 νέσθαι
442 3329 504 3418 τὴν
520 3339 742 3420 τριηραρχίαν.
769 3336 826 3403 καὶ
841 3333 906 3422 γάρ
922 3331 1049 3421 μισθόν
1068 3330 1190 3401 οὐδένα
1201 3342 1262 3402 λα-

313 3426 388 3516 βών
404 3428 492 3512 παρὰ
511 3440 573 3499 τοῦ
590 3439 777 3518 ’στρατηγοῦ
795 3430 881 3501 όιιτώ
899 3442 1031 3522 μηνοῖν,
1054 3438 1262 3502 κατέπλευσα

312 3526 391 3605 τοῦς
401 3530 551 3617 πρέσβεις
561 3531 654 3616 ἀγων
671 3531 724 3600 διὰ
734 3532 771 3601 τὸ
784 3530 902 3617 ἀριστά
913 3559 969 3619 μοι
985 3542 1079 3602 πλεῖν
1088 3533 1152 3620 τὴν
1162 3539 1259 3600 ναῦν.

314 3629 368 3695 καί
381 3628 524 3697 ’ένθένδε
544 3631 660 3718 πόλιν,
682 3635 893 3718 προσταχθέν
910 3658 966 3718 μοι
984 3630 1051 3701 ῦπδ
1073 3639 1136 3701 τοῦ
1151 3631 1262 3722 δήμου

313 3729 465 3796 Μένωνα
478 3726 538 3796 τόν
554 3731 739 3817 στρατηγὸν
755 3731 849 3817 ἀγειν
866 3736 912 3811 είς
931 3729 1177 3818 Ἑλλήσποντον
1186 3728 1261 3799 ἀντὶ
