3159 4409
351 500 395 565 οε
436 463 439 472 ’
557 503 661 560 μιν,
686 499 1102 562 ΔΗαοεοκΝουε

351 651 567 751 γιγνόμενον,
590 666 645 730 καὶ
667 659 803 752 βόμεθα
825 665 894 727 δεῖν
916 669 1075 747 κριθῆναι
1090 671 1224 748 πρῶτον
1241 662 1304 750 τήν

353 767 577 849 κληρονομίαν
588 759 665 845 παρ’
679 759 777 846 ὑμῖν,
793 761 871 844 πρὶν
883 762 936 827 ἐπὶ
947 761 984 827 τό
996 759 1102 847 ὄνομά
1111 788 1185 829 τινα
1195 760 1232 830 τό
1243 772 1304 831 τοῦ

351 859 523 948 Ἀρχιάδου
540 854 782 947 είσποιηθήναι.
815 861 978 936 κωλυθεὶς
995 858 1030 926 δὲ
1040 861 1095 926 καλ
1105 862 1304 946 ἐξελεγχθεὶς

316 1044 318 1046 ρ
353 958 437 1045 πρός
447 967 492 1046 τῷ
505 965 619 1027 πίνακι
629 961 684 1026 καὶ
695 962 731 1025 ἐν
742 965 783 1043 τῇ
793 965 862 1023 τῶν
872 954 1042 1041 ἀρχόντων
1052 955 1159 1046 άγορηῖ
1168 956 1220 1027 ότι
1230 957 1304 1046 ήδί-

353 1085 404 1128 κει
415 1066 548 1126 πολλῶν
559 1061 721 1142 ἐναντίου,
734 1054 815 1143 ρ’ίετο
829 1060 898 1122 δείυ
908 1057 1011 1141 μηδὲν
1020 1048 1120 1142 ήττον
1131 1052 1304 1143 βιάζεσθαι

333 1162 409 1228 ’καὶ
426 1165 585 1243 κρείττων
602 1171 672 1236 ταῖς
688 1169 911 1241 παρασκευαῖς
926 1163 994 1222 τῶν
1011 1152 1178 1239 ὑμετέρων
1189 1156 1303 1242 νόμων

272 1305 274 1315 ‹
309 1272 344 1330 37
353 1263 521 1344 γενέσθαι.
546 1265 579 1325 τί
586 1257 709 1326 τούτου
719 1255 913 1341 τεκμήριον;
927 1254 1125 1338 συναγαγών
1135 1280 1227 1334 τινας
1236 1263 1304 1323 τῶν

252 1429 256 1437 s
349 1356 533 1444 Ὀτρυνέων
552 1353 685 1441 ὀλίγους
701 1358 756 1422 καὶ
773 1355 833 1421 τόν
844 1352 1010 1439 δήμαρχον
1021 1359 1147 1438 πείθει,
1171 1352 1304 1422 ἐπειδάν

280 1535 283 1548 Ι
353 1454 496 1545 ἀνοιχθῇ
513 1453 550 1523 τό
569 1468 808 1542 γραμματείου,
831 1454 991 1538 ἐγγράψαι
1007 1449 1119 1519 αὑτόν.
1156 1455 1210 1520 καὶ
1222 1451 1303 1540 μετόι

242 1541 245 1555 s
352 1564 456 1623 ταῦτα
472 1547 533 1642 ήκε
544 1560 795 1639 Παναθηναίων
812 1550 921 1620 όντων
937 1559 1005 1619 τῶν
1015 1551 1169 1638 μεγάλων
1178 1557 1303 1640 τήδια-

353 1654 445 1721 δόσει
462 1650 545 1736 πρός
559 1651 596 1718 τό
614 1649 798 1738 θεωρικόν,
820 1654 875 1718 καί
892 1649 1002 1737 ἐπειδή
1015 1656 1048 1719 οί
1057 1650 1152 1719 ἄλλοι
1164 1651 1303 1738 δημόται

353 1749 558 1836 ἐλάμβανον,
579 1747 674 1835 ήξίου
692 1752 746 1817 καὶ
765 1747 856 1839 αὑτῷ
867 1754 1021 1817 δίδοσθαι
1031 1753 1086 1818 καὶ
1097 1753 1303 1836 ἐγγραφῆναι

300 1862 303 1865 ’
353 1853 399 1928 είς
415 1847 452 1915 τό
469 1861 691 1932 γραμματείου
707 1851 759 1917 ἐπὶ
775 1845 813 1914 τό
831 1855 892 1915 τοῦ
900 1846 1072 1933 Ἀρχιάδου
1083 1849 1197 1936 ὄνομα.
1229 1854 1303 1916 δια-

353 1948 613 2033 μαρτυρομένων
630 1946 666 2014 δὲ
682 1943 872 2031 ήμωυ,·καὶ
886 1955 954 2014 τῶν
971 1945 1083 2014 ἄλλων
1101 1946 1213 2016 δεινόν
1235 1975 1302 2033 φα-

352 2045 504 2113 σκόντων
524 2043 608 2113 είναι
623 2042 660 2112 τό
678 2045 896 2131 γιγνόμενον,
919 2042 1070 2131 άπήλθεν
1087 2043 1159 2113 οὔτ’
1179 2050 1301 2131 ἐγγρα-

241 2172 248 2178 ’
308 2145 425 2230 ηςφεὶς
442 2143 519 2212 οὔτε
534 2142 571 2211 τό
591 2143 757 2228 θεωρικόν
773 2144 894 2230 λαβών.
927 2140 987 2211 τόν
998 2142 1033 2210 δὲ
1044 2141 1134 2228 παρὰ
1145 2141 1182 2210 τό
1193 2142 1375 2230 &rivo-1092

354 2263 420 2328 σμα
446 2241 482 2310 τό
505 2239 663 2327 ὑμέτερον
687 2241 843 2321 άξιοῦντα
862 2238 899 2307 τό
920 2239 1088 2324 θεωρικόν
1108 2240 1299 2328 λαμβάνειν,

353 2344 432 2427 πρὶν
453 2344 659 2428 ἐγγραφῆναι
679 2346 725 2419 είς
744 2338 824 2419 τοὺς
836 2338 1019 2428 Ὀτρυνέας,
1038 2337 1118 2407 όντα
1137 2343 1169 2419 ἐξ
1187 2342 1301 2426 ἑτέρου

351 2439 475 2527 δήμου,
497 2447 618 2507 τοῦτον
635 2437 698 2508 οὐκ
714 2448 827 2507 οἴεσθε
844 2447 905 2506 τοῦ
915 2439 1041 2524 κλήρου
1052 2437 1140 2523 παρά
1151 2436 1230 2518 τούς
1241 2438 1302 2507 υό-

352 2565 434 2625 μους
455 2537 688 2626 άμφισβητεῐν;
716 2534 739 2623 ή
759 2535 820 2605 τόν
840 2535 905 2623 πρό
928 2543 986 2620 τῆς
1006 2543 1067 2603 τοῦ
1089 2541 1301 2623 δικαστηρίου
1357 2556 1359 2561 ·

219 2710 222 2718 ,
276 2712 278 2718 ,
350 2637 503 2722 γνώσεως
512 2636 618 2715 οὕτως
627 2634 761 2714 ἀδίκους
770 2638 958 2713 πλεονεξίας
968 2634 1210 2720 διοικούμενον,
1221 2641 1304 2703 τοῦ·

350 2761 410 2805 ιον
427 2744 497 2814 πῶς
514 2733 601 2813 είκός
618 2743 665 2820 τῷ
680 2735 846 2819 πράγματι
857 2733 1038 2813 πιστεόεινς
1059 2730 1151 2818 όγδιρ
1162 2731 1199 2800 τό
1211 2742 1301 2800 θεω-

352 2837 448 2921 ρικὸν
464 2832 586 2911 άδίκως
603 2830 743 2910 άξιάσας
759 2832 944 2919 λαμβάνειν
954 2834 1008 2900 καὶ
1019 2835 1094 2916 περὶ
1104 2842 1165 2899 τοῦ
1175 2831 1301 2918 κλήρου

305 2949 341 3006 39
350 2943 391 3020 τῇ
402 2932 486 3017 αὐτῇ
497 2936 626 3017 διανοίᾳ
638 2934 740 3016 δῆλον
749 2929 800 2996 ότι
809 2929 961 3016 κέχρηται
969 2936 1055 2998 νυνί.
1080 2929 1162 2997 ἀλλά
1171 2928 1238 3016 μήν
1246 2931 1302 2998 καί

351 3031 411 3100 τόν
429 3029 573 3114 άρχοντά
590 3027 624 3114 γ’
637 3029 815 3115 ἐξηπάτησε
825 3031 1129 3117 παρακαταβάλλων
1139 3032 1194 3098 καὶ
1204 3027 1301 3116 ήμοῖς,

350 3130 405 3197 καὶ
417 3125 643 3214 άντεγράιβατο
652 3126 828 3212 ’Θτρυνεός
839 3128 922 3197 εἶναι
933 3133 970 3198 ἐν
979 3127 1186 3209 Ἐλευσινίοις
1197 3133 1301 3214 δημο-

349 3224 534 3311 τευόμενος.
558 3225 668 3313 ἐπειδή
676 3234 793 3295 τοίνυν
805 3231 856 3296 ἐπὶ
867 3229 996 3296 τούτων
1006 3228 1143 3297 πάντων
1153 3226 1301 3312 ἀπετύγ-

349 3349 444 3411 χανε,
464 3339 533 3403 ταῖς
549 3324 794 3408 παρελθούσαις
813 3326 1033 3412 ἀρχαιρεσίαις
1049 3327 1181 3405 ταύταις
1191 3351 1300 3411 παρα-

350 3424 596 3510 σκευασάμενός
612 3451 703 3504 τινας
717 3434 784 3494 τῶν
795 3431 947 3513 δημοτῶν
958 3423 1051 3512 ήξίου
1062 3422 1168 3503 οὕτως
1178 3421 1300 3508 ἐγγρά-

307 3531 476 3610 εοφεσθαι
498 3524 629 3607 ποιητός
651 3524 725 3603 υἱός
744 3532 792 3613 τῷ
809 3522 971 3612 Ἀρχιάδη
1004 3521 1249 3607 ἀντιλεγόντωνι
1265 3517 1295 3587 δ’·

320 3653 324 3661 “
349 3620 445 3708 ἡμῶν
454 3623 509 3689 καὶ
522 3620 716 3708 άξιοόντων,
729 3621 863 3690 ἐπειδὰν
873 3631 934 3689 τοῦ
945 3623 1069 3707 κλήρου
1080 3617 1100 3706 ή
1113 3624 1300 3688 διαδικασία

247 3797 252 3812 Ι
347 3718 499 3808 γίνηται,
517 3730 695 3807 τηνικαῦτα
713 3719 791 3800 τοὺς
810 3720 952 3807 δημότας
967 3718 1029 3806 τήν
1045 3727 1161 3806 ψῆφον
1172 3721 1298 3804 φέρειν,
