3159 4409
456 496 599 558 ΚΑΤΑ
621 493 1060 587 ολνωιιιοειεεου.
1174 491 1238 558 εει

257 681 357 740 5ρου.
386 663 454 726 ἐστι
467 660 503 726 δὲ
514 655 638 743 βραχὺς
649 652 667 723 ὁ
679 654 785 738 λόγος.
815 647 859 739 ἦν
867 651 949 740 γάρ,
973 646 1001 721 ά
1011 653 1238 738 ἀνδρεςδικαε

284 758 375 842 σταλ,
393 751 687 839 ΚόνωνἉλαιεδς,
699 760 819 833 οἰκεῖος
828 750 992 839 ἡμέτερος.
1026 745 1151 830 οὗτοςό
1164 753 1237 822 Κόὲ·

283 869 354 924 ν’ων
365 855 576 941 ἐτελεύτησεν
587 847 685 932 ἀπαις
696 850 812 937 ὀλίγον
820 851 912 920 πάνυ
922 852 1046 938 χρόνον
1064 851 1238 939 ἀρρωστή-
1361 906 1364 911 «

284 975 355 1040 σας,
367 955 445 1041 ἐβίω
458 952 493 1021 δὲ
504 953 609 1021 πολλά
619 956 691 1038 ἐτη,
711 954 768 1020 καί
784 942 828 1039 ἦν
846 952 1086 1040 πρεσβύτερος,
1110 949 1153 1018 ὅτ’
1168 955 1239 1018 ἐτε·

283 1052 393 1121 λεότα.
427 1055 482 1120 καὶ
495 1049 561 1137 ἐγω
575 1049 687 1137 ἐπειδὴ
706 1049 866 1139 ᾐσθόμην
882 1049 933 1119 ὅτι
950 1049 1012 1136 οὐχ
1023 1046 1092 1131 οἷός
1102 1051 1136 1118 τε
1148 1055 1238 1118 ἐσται

282 1153 527 1237 περιγενέσθαι,
546 1151 802 1237 μετεπεμψάμην
813 1152 946 1218 τουτονὶ
955 1148 1236 1237 Ὀλυμπιόδωρον,

270 1249 374 1329 ὅπως
383 1247 428 1319 ἀν
439 1258 529 1339 παρῇ
540 1252 594 1319 καὶ
610 1258 868 1337 συνεπιμελῆται
884 1247 956 1336 μεθ’
969 1249 1065 1337 ἡμῶν
1079 1246 1238 1318 ἁπάντων

282 1339 333 1416 εἶν
343 1356 518 1434 προσῆκεν.
541 1350 596 1415 καὶ
604 1345 871 1434 Ὀλυμπιόδωρος
881 1345 1005 1430 οὑτοσὶ,
1017 1340 1045 1415 ά
1055 1347 1176 1431 ἀνδρες
1187 1352 1239 1414 δι-

253 1460 255 1464 ‘
282 1449 411 1532 κοσταὶ,
423 1443 534 1533 ἐπειδὴ
545 1439 654 1538 ἦλθεν
666 1444 710 1524 ὡς
720 1446 777 1532 ἐμὲ
788 1448 844 1514 καλ
852 1443 1075 1532 τὴνάδελφην
1085 1445 1148 1532 την
1158 1447 1238 1514 ἑαυ-

256 1555 355 1631 6τοῦ,
366 1546 449 1632 ἐμὴν
461 1546 497 1614 δὲ
508 1560 668 1631 γυναῖκα,
687 1541 760 1630 μεθ’
771 1543 868 1631 ἡμῶν
884 1543 1015 1615 ἅπαντα
1033 1547 1155 1637 διῴκει.
1177 1543 1239 1613 όν-

281 1672 352 1713 των
364 1642 395 1712 δ’
409 1642 505 1731 ἡμῶν
515 1647 590 1727 περὶ
600 1644 727 1730 ταύτην
742 1641 804 1730 τὴν
821 1651 1063 1730 πραγματείαν,
1083 1648 1239 1731 ἐξαίφνης

281 1744 387 1828 λόγον
404 1750 461 1828 μοι
477 1748 658 1829 προσφέρει
672 1740 936 1830 Ὀλυμπιόδωρος
953 1741 1065 1814 οὑτοσὶ
1082 1745 1134 1814 ότι
1151 1742 1237 1835 καὶὴ

282 1842 391 1929 μήτηρ
402 1840 508 1911 αὐτοῦ
525 1843 740 1928 προσήκουσα
750 1851 801 1928 είη
818 1850 865 1933 τῷ
874 1844 1010 1911 Κόνωνι
1024 1853 1073 1935 τῷ
1088 1855 1238 1914 τετελευ-

282 1942 415 2028 τηκότι,
433 1943 489 2010 καί
499 1940 549 2010 ότι
561 1947 689 2009 δίκαιον
705 1950 755 2027 είη
768 1942 824 2009 καὶ
840 1937 946 2024 αὐτόν
964 1941 1001 2010 τδ
1014 1945 1113 2029 μέρος
1123 1952 1238 2033 λαβεῖν

284 2038 442 2109 ἁπάντων
461 2032 510 2107 άν
526 2037 680 2109 ὁΚόνων
696 2045 878 2109 κατέλιπεν.
907 2044 963 2108 καὶ
974 2040 1055 2128 ἐγω,
1079 2035 1238 2127 άάνδρες

285 2140 445 2224 δικασταὶ,
458 2137 617 2217 συνειδάς
627 2136 678 2207 ὅτι
688 2139 844 2230 ἐψεύδετο
855 2141 911 2208 καὶ
921 2138 1152 2225 ἀναισχυντεῖν
1162 2147 1239 2212 ἐπε-

284 2245 401 2324 χείρει,
419 2239 475 2305 καὶ
487 2235 538 2304 ὅτι
548 2234 657 2316 οὐδεὶς
672 2231 717 2322 ἦν
725 2236 826 2316 ἀλλος
835 2246 882 2327 τῷ
892 2237 1028 2305 Κόνωνι
1040 2241 1128 2322 γε’νει
1138 2241 1238 2326 ἐγγυ-

282 2341 371 2421 τέρω
389 2341 488 2423 ἐμοῦ,
506 2336 543 2403 τὸ
561 2336 622 2420 μὲν
640 2345 774 2420 πρῶτον
792 2333 837 2414 ὡς
854 2332 928 2402 οἷόν
941 2361 976 2402 τε
987 2336 1126 2419 μάλιστα
1137 2332 1239 2421 ἀργί-

270 2443 376 2520 4σθην
392 2436 447 2502 καὶ
464 2431 677 2520 ἠγανάκτησα
695 2436 747 2518 ἐπὶ
763 2440 805 2520 τῇ
816 2430 1032 2520 ἀναισχυντίᾳ
1049 2435 1236 2519 τοῦλόγου,

284 2539 395 2600 ἔπειτα
413 2531 444 2600 δ’
459 2531 661 2617 ἐλογισάμην
676 2528 762 2616 πρδς
778 2527 922 2616 ἐμαυτὸν
939 2528 991 2598 ὅτι
1009 2528 1071 2598 οὐκ
1082 2534 1120 2599 ἐν
1131 2540 1235 2621 καιρῷ
1245 2546 1314 2603 1169

284 2628 484 2719 ὀργιζοίμην,
493 2633 548 2699 καὶ
559 2631 665 2720 τούτῳ
673 2627 904 2717 ἀπεκρινάμην
914 2627 965 2696 ὅτι
975 2632 1013 2697 ἐν
1022 2629 1084 2716 μέν
1094 2639 1141 2720 τῷ
1152 2655 1239 2716 παρ-

285 2730 358 2798 όντι
380 2731 540 2816 προσήκει
560 2729 702 2798 θάπτειν
718 2727 778 2797 τόν
795 2729 1048 2816 τετελευτηκότα
1064 2733 1120 2799 καὶ
1137 2728 1239 2799 τάλλα

284 2843 394 2900 ποιεῖν
404 2829 444 2897 τά
456 2830 664 2917 νομιζόμενα,
670 2825 849 2897 ἐπειδάνδέ
859 2827 989 2895 τούτων
999 2825 1158 2897 ἁπάντων
1168 2833 1240 2896 ε’πν

257 2935 494 3014 χμεληθῶμεν,
504 2927 575 2997 τόθ’
589 2927 670 3015 η’μῑν
682 2925 794 3006 αὐτοῖς
805 2926 1032 3015 διαλεξόμεθα.
1054 2931 1116 2997 καὶ
1129 2919 1239 3014 οὗτος,

284 3019 314 3094 οἷ
329 3025 451 3113 ἀνδρες
463 3032 629 3112 δικασταὶ,
646 3029 928 3114 προσωμολόγησε
942 3036 1047 3096 ταῦτα
1064 3030 1120 3096 καί
1130 3035 1241 3107 καλῶς

283 3123 314 3212 μ’
329 3134 393 3214 ἔφη
406 3130 524 3212 λέγειν.
554 3125 712 3213 ἐπειδηδ
726 3126 963 3214 ἀπηλλάγημεν
973 3128 1028 3195 καὶ
1038 3125 1240 3213 ἐποιήσαμεν

284 3223 417 3294 ἅπαντα
434 3223 474 3292 τά
492 3226 706 3313 νομιζόμενα,
731 3225 807 3296 καθ’
818 3223 960 3313 ἡσυχίαν
975 3226 1039 3315 ἤδη
1052 3233 1240 3312 παρακαλέ-

284 3343 402 3403 σαντες
412 3323 491 3403 τοδς
502 3330 643 3404 οἰκείους
650 3324 800 3406 ἅπαντας
811 3327 1028 3413 διελεγόμεθα
1038 3324 1117 3417 ἡμῖν
1130 3329 1241 3411 αὐτοῖς

283 3426 360 3508 περὶ
372 3416 421 3492 τόν
432 3416 530 3504 οὗτος
539 3422 634 3512 ἠξίου
645 3429 754 3517 ἑαυτῷ
763 3425 856 3494 εἶναι.
891 3425 955 3493 ὅσα
966 3426 1027 3512 μὲν
1038 3421 1121 3514 οάν,
1139 3425 1167 3498 ά
1177 3430 1240 3499 άν-

284 3527 361 3607 δρες
380 3526 545 3610 δικασταὶ,
566 3522 659 3610 ἡμεῖς
677 3525 760 3608 πρὸς
777 3523 863 3611 ἡμᾶς
878 3523 1001 3606 αὐτοὺς
1017 3532 1239 3615 διηνέχθημεν

284 3622 499 3706 περὶτούτων
511 3623 755 3710 διαλεγόμενοι,
774 3630 808 3691 τί
815 3619 860 3690 ἀν
869 3625 934 3710 ε’γώ
946 3634 1050 3694 ταῦτα
1061 3629 1240 3715 διηγούμε-

284 3717 377 3807 νοςῆ
393 3719 473 3808 ὑμῖν
488 3722 663 3810 πράγματα
679 3723 853 3810 παρέχοιμι
868 3719 891 3810 ἢ
908 3727 1039 3814 ἐμαυτῷ
1050 3730 1237 3810 ἐνοχλοίην;
