3159 4409
504 442 645 536 ιιΡοΣ
664 474 1024 538 κυοονΛιΛΗΝ.
1179 477 1242 544 ναι

290 637 470 735 τευομένου
480 637 535 703 καὶ
548 632 798 720 ἀποδημοῦντος
808 631 889 720 μετὰ
903 637 1159 724 Θρασυβούλου,
1179 639 1241 706 αύ-

291 728 329 817 τή
348 730 380 798 δ’
399 735 484 799 οὐσα
500 735 537 800 ἐν
554 729 706 818 ἀπορίαις
722 730 921 819 ήναγκάσθη
938 731 998 802 τὸν
1008 742 1167 806 Κλεινίαν
1180 738 1240 807 τόν

290 838 353 898 τοῦ
363 838 540 902 Κλειδίκου
550 838 737 920 τιτθεῦσαι,
748 840 795 922 τῷ
805 832 867 918 μὲν
878 838 924 910 εἰς
934 836 990 919 ἐμὲ
999 833 1114 922 ήκοντι
1124 837 1241 904 κινδύ-

291 955 340 1017 νφ
352 927 471 1015 νύνμά
486 928 629 998 τόνΔία
646 927 718 1015 οὐχί
735 934 908 1017 συμφέρον
924 939 1060 1019 πρᾶγμα
1077 935 1239 1020 ποιήσασα
1247 950 1317 1005 1312

291 1026 371 1115 (ἀπό
388 1027 453 1115 γάρ
469 1027 589 1115 ταύτης
605 1036 667 1115 τῆς.
678 1035 822 1110 τιτθείας
838 1029 950 1098 ἅπασα
966 1028 987 1117 ή
1005 1034 1078 1126 περὶ
1089 1030 1174 1119 ἡμᾶς
1184 1036 1252 1120 γέ-,

291 1151 369 1210 γονε
389 1133 610 1214 βλασφημία),
632 1134 672 1216 τῇ
694 1132 806 1214 μέντοι
826 1127 1022 1217 ὑπαρχούσῃ
1043 1137 1146 1219 πενίᾳ
1162 1140 1241 1213 ἰοως

251 1229 344 1292 43καί
357 1222 520 1311 ἀναγκαία
530 1230 584 1294 καλ
595 1223 801 1313 ἁρμόττοντα
820 1237 969 1295 ποιοῦσα.
1003 1235 1155 1314 φαίνεται
1170 1238 1240 1298 τοί-

289 1348 355 1390 νυν
365 1320 452 1409 οάχὸ
465 1322 542 1410 ἐμός
552 1321 659 1413 πατήρ
670 1319 850 1414 πρῶτος,ῶ
860 1325 1168 1414 ἀνδρεςἏθηναίοι,
1179 1337 1240 1397 λα-

289 1420 361 1508 βῶν
370 1420 431 1510 τήν
443 1422 524 1510 ἐμήν
534 1428 673 1510 μητέρα,
685 1423 751 1493 ἀλλ’
765 1422 783 1493 ὁ
796 1425 1033 1513 Πρωτόμαχος,
1051 1429 1106 1495 καί
1122 1432 1240 1507 παῖδας

289 1520 510 1606 ποιησάμενος
521 1525 574 1588 καὶ
584 1527 754 1608 θυγατέρα
771 1523 904 1603 ἐκδούς·
927 1522 964 1604 δς
980 1526 1035 1592 καὶ
1051 1534 1239 1612 τετελευτη-

288 1617 357 1697 κῶς
371 1618 460 1704 ὅμως
476 1634 639 1706 μαρτυρεῖ
651 1635 719 1699 τοῖς
736 1628 844 1708 ἔργοις
860 1620 965 1711 ἀστήν
974 1624 1100 1710 ταύτην
1110 1626 1164 1692 καὶ
1174 1649 1238 1691 πο-

288 1724 375 1784 λῖτιν
386 1715 478 1784 εἰναι.
511 1714 555 1797 ῶς
567 1711 632 1786 ούν
641 1715 729 1787 ταῦτ’
741 1717 854 1809 ἀληθή
864 1724 965 1808 λέγω,
976 1720 1069 1790 κάλει
1078 1748 1135 1807 μοι
1144 1729 1245 1809 πρῶ·-

288 1839 350 1882 τον
361 1814 422 1900 μέν
433 1812 512 1895 τούς
527 1825 589 1885 τού
603 1819 831 1906 Πρωτομάχου
848 1825 945 1906 υίεῑς,
965 1825 1075 1888 ἔπειτα
1093 1819 1171 1900 τούς
1183 1823 1239 1906 ἰγ-

287 1916 448 2004 γυωμένφ
466 1915 631 2003 παρόντας
647 1925 694 2008 τῷ
710 1921 809 2006 πατρὶ
826 1921 881 1987 καί
896 1927 964 1988 τῶν
974 1921 1149 2006 φρατέρων
1159 1917 1242 1999 τοδς,
1302 1921 1306 1928 ’

288 2018 444 2099 οἰκείους,
468 2010 517 2093 οἷς
532 2014 594 2102 τήν
609 2025 773 2103 γαμηλίαν
793 2018 985 2106 εἰσήνεγκεν
1001 2015 1085 2106 ὑπὲρ
1104 2026 1162 2106 τῆς
1172 2046 1236 2105 μη-

286 2109 362 2194 τρός
379 2108 397 2180 ὁ
413 2110 536 2202 πατὴρ,
560 2113 629 2185 εἰτα
639 2115 788 2186 Εὔνικον
800 2121 972 2206 Χολαργέα
988 2115 1048 2186 τόν
1065 2115 1128 2205 τήν
1139 2116 1238 2189 ἀδελ-

287 2207 357 2297 φήν
373 2213 517 2298 λαβόντα
535 2212 596 2299 τήν
613 2213 695 2301 ἐμήν
711 2214 801 2303 παρὰ
823 2226 884 2284 τοῦ
904 2217 1147 2303 Πρωτομάχου,
1169 2213 1237 2283 εἰτα

286 2308 668 2400 τδνυίδντήςάδελφής.
690 2314 782 2382 κάλει
792 2313 939 2392 τούτους.

635 2419 886 2479 ΜΑΡΤΡΡΕΣ.

244 2537 280 2591 44
372 2519 449 2591 Πῶς
460 2505 524 2580 οὖν
536 2509 598 2580 οὐκ
609 2507 653 2579 ἀν
663 2510 872 2597 οἰκτρότατα,
891 2501 1236 2597 ῶάνδρεςἎθηναίοι,

289 2612 424 2680 πάντων
434 2611 498 2696 ἐγῶ
510 2610 690 2688 πεπονθός
701 2619 789 2695 εἰην,
813 2613 925 2675 εἰκῶν
941 2615 1113 2692 συγγενῶν
1129 2604 1237 2675 όντων

288 2710 605 2778 τοσούτωντουτωνλ
614 2710 668 2777 καὶ
678 2707 1000 2795 μαρτυρούντωνκαί
1009 2706 1239 2793 διομνυμένων

289 2810 360 2894 ἐμοὶ
370 2809 560 2896 προσήκειν,
579 2809 690 2895 μηδείς
701 2809 817 2894 μηδενὶ
826 2806 956 2875 τούτων
966 2804 1184 2892 ἀμφισβητῶν
1195 2801 1239 2884 ῶς

290 2903 353 2972 οὐκ
365 2909 425 2974 εἰσὶ
436 2915 578 2993 πολίται,
594 2912 650 2997 ἐμὲ
663 2913 866 2996 ψηφίσαιντο
879 2904 962 2975 εἶναι
973 2909 1083 2986 ξένους
1104 2902 1185 2990 λαβὲ
1196 2903 1238 2991 δή
1294 2937 1297 2946 =

274 3029 346 3092 ,μοι
356 3002 553 3090 καὶτήντού
563 3007 783 3074 Κλεινίασκαὶ
800 3004 939 3094 τὴντῶν
950 3012 1122 3092 συγγενῶν
1133 3000 1239 3071 αὐτοῦ

288 3109 489 3190 μαρτυρίαν·
509 3111 543 3172 οἳ
556 3114 645 3172 ἰσασι
658 3105 765 3192 δήπου
775 3112 823 3185 τίς
839 3098 925 3174 οὖσά
935 3130 1014 3173 ποτε
1024 3102 1046 3192 ἡ
1058 3101 1118 3191 ε’μή
1130 3103 1235 3189 μήτηρ

288 3205 478 3270 ἐτίτθευσεν
489 3202 600 3273 αὐτόν.
613 3201 654 3272 οὐ
665 3201 907 3292 γάράτήμερον
916 3201 1007 3290 ἡμεῖς
1018 3203 1128 3289 φαμέν
1140 3200 1237 3289 εύορ-

289 3328 352 3370 κον
363 3299 686 3390 αύτοῖςμαρτυρεϊν,
709 3301 776 3373 ἀλλ’
791 3300 814 3370 ἀ
830 3303 938 3371 πάντα
954 3301 1015 3370 τὸν
1024 3301 1147 3388 χρόνον
1159 3299 1235 3390 ᾔδε-

270 3418 272 3423 ·
289 3420 353 3469 σαν
363 3401 424 3489 τήν
433 3398 597 3489 ἡμετέραν
607 3403 669 3488 μὲν
678 3406 818 3489 μητέρα,
830 3398 951 3486 τιτθὴν
962 3399 997 3468 δὲ
1007 3399 1129 3467 τούτου
1140 3424 1236 3486 νομι-
1299 3455 1301 3459 .

244 3503 436 3587 τεξομένην.
469 3503 524 3568 καὶ
540 3499 604 3587 γάρ
621 3507 653 3570 εἰ
666 3498 824 3569 ταπεινόν
835 3498 856 3586 ή
867 3500 981 3585 τιτθή,
1003 3496 1063 3586 τήν
1073 3497 1253 3586 ἀλήθειαν·

288 3594 330 3665 ού
341 3599 470 3685 φεύγω·
493 3597 535 3667 οὐ
546 3598 609 3686 γάρ
622 3606 652 3668 εἰ
661 3591 907 3686 πένητεςήμευ,
923 3596 1141 3686 ἠδικήκαμεν,
1163 3593 1231 3663 ἀλλ’

288 3695 380 3782 εἰμὴ
402 3706 545 3767 πολῖται
579 3697 657 3768 οὐδὲ
674 3698 749 3784 περὶ
765 3697 865 3783 τύχης
881 3695 1049 3784 ούδὲπερὶ
1058 3693 1235 3783 χρημάτων
1243 3707 1307 3764 1313
