3159 4409
585 498 931 573 ιιοιτκοιοε.
1069 468 1079 485 ”
1166 499 1228 564 315
1326 535 1327 538 w

727 748 779 804 LX.

592 898 922 966 ΕΠΙΤΑΦΙΟΣ.
963 965 965 968 ,

280 1046 428 1137 Ἐπειδὴ
450 1048 527 1129 τοὺς
547 1053 584 1117 ἐν
604 1054 688 1139 τῷδε
709 1057 756 1139 τῷ
775 1049 871 1138 τάφφ
893 1051 1078 1140 κειμένους,
1105 1049 1229 1134 ἀνδρας

285 1152 435 1241 ἀμαθοδς
452 1154 489 1219 ἐν
498 1142 685 1240 τῷπολέμφ
696 1148 890 1234 γεγονότας,
912 1153 1001 1229 ἔδοξε
1011 1159 1051 1237 τῇ
1065 1150 1159 1219 πόλει
1170 1156 1241 1237 δη-·

286 1259 384 1342 ’μοσίφ
400 1251 542 1320 θάπτειν
558 1252 614 1318 καὶ
631 1248 828 1334 προσέταξεν
844 1249 915 1333 ἐμοὶ
935 1245 995 1315 τόν
1013 1249 1228 1335 νομιζόμενον

285 1351 385 1435 λόγον
396 1355 498 1418 εἰπεῖν
509 1345 560 1415 ἐπ’
574 1345 695 1430 αὐτοῖς,
707 1345 875 1413 ἐσκόπουν
883 1345 944 1430 μὲν
954 1344 1059 1424 εὐθὺς
1069 1345 1158 1425 ὅπως
1167 1356 1230 1416 τοῦ
1238 1359 1305 1414 1389

285 1447 511 1535 προσήκοντος
521 1447 657 1513 ἐπαίνου
668 1444 854 1527 τεύξονται,
872 1444 1027 1523 ἐξετάζων
1038 1444 1073 1512 δέ
1083 1446 1139 1512 καὶ
1149 1466 1227 1512 σκο-
1309 1524 1310 1527 ¹

285 1553 358 1614 πῶν
375 1543 471 1626 ἀξίως
488 1550 591 1611 εἰπεῖν
606 1551 675 1610 των
691 1541 969 1628 τετελευτηκότων
980 1543 1017 1608 ἐν
1026 1567 1057 1608 τι
1068 1549 1136 1609 τῶν
1147 1540 1230 1609 ἀδυ-

284 1645 396 1712 νότων
407 1639 564 1729 εὕρισκον
574 1639 623 1707 όν.
647 1637 752 1725 οΐγάρ
763 1637 826 1726 τὴν
835 1636 1051 1726 ὑπάρχουσαν
1060 1648 1162 1708 πᾶσιν
1172 1647 1230 1727 ἐμ·
1290 1708 1293 1721 ,

286 1767 393 1828 φυτον
410 1748 471 1807 τοῦ
488 1745 546 1825 ζῆν
563 1736 738 1824 ὑπερεῖδον
752 1742 948 1825 ἐπιθυμίαν,
970 1741 1023 1808 καὶ
1039 1747 1229 1828 τελευτῆσαι

284 1846 392 1916 καλῶς
400 1845 527 1924 μᾶλλον
541 1836 772 1923 ἐβουλήθησαν
781 1833 804 1922 ἦ
813 1842 929 1918 ζῶντες
936 1834 1138 1924 τὴνἙλλάδα
1148 1844 1229 1907 ίδεῑν

285 1935 488 2021 ἀτυχοῦσαν,
510 1942 580 2014 πως
598 1933 659 2003 οὐκ
676 1933 928 2023 ἀνυπέρβλητον
944 1938 1146 2026 παντὶλόγφ
1167 1935 1229 2023 τὴν

284 2033 396 2103 αὑτων
412 2030 534 2120 ἀρετὴν
552 2040 824 2102 καταλελοίπασιν
830 2063 840 2116 3
861 2031 981 2121 ὁμοίως
997 2038 1109 2121 μέντοι
1120 2040 1228 2106 διαλε-

284 2144 406 2224 χθηναι
413 2146 481 2212 τοῖς
492 2130 655 2216 πρότερόν
665 2158 744 2202 ποτε
755 2136 923 2221 εἰρηκόσιν
933 2137 1050 2202 ἐνθαδί
1060 2132 1158 2221 κάμοὶ
1171 2138 1229 2200 δο-

259 2245 343 2309 ηκεῖ.
366 2228 409 2310 ὡς
420 2231 480 2316 μὲν
491 2224 554 2297 οὖν
565 2227 585 2316 ἡ
598 2231 692 2309 πόλις
702 2233 880 2311 σπουδάζει
890 2234 964 2314 περὶ
975 2229 1053 2310 τοὺς
1063 2235 1099 2299 ἐν
1109 2241 1156 2321 τῷ
1166 2256 1228 2298 πο-

284 2334 370 2420 λέμφ
381 2337 610 2413 τελευτῶντας,
622 2333 658 2394 ἐκ
668 2354 703 2394 τε
714 2336 781 2395 τῶν
792 2329 904 2395 ἀλλων
913 2333 1002 2394 ἐστιν
1010 2333 1092 2395 ἰδεῖν
1100 2332 1155 2395 καὶ
1164 2330 1229 2413 μά-

284 2436 377 2496 λιστα
385 2431 422 2497 ἐκ
432 2431 529 2496 τοῦδε
537 2433 598 2493 τοῦ
608 2425 725 2511 νόμου,
733 2423 809 2519 καθ’
822 2423 862 2493 δν
872 2430 1009 2511 αἱρεῖται
1018 2423 1078 2492 τόν
1088 2428 1228 2508 ἐροῦντα

284 2528 335 2594 ἐπὶ
352 2541 422 2606 ταῖς
438 2530 606 2612 δημοσίαις
621 2537 755 2608 ταφαῖς·
779 2528 883 2591 εἰδυῖα
895 2521 958 2608 γάρ
970 2523 1057 2608 παρὰ
1069 2538 1136 2602 τοῖς
1145 2522 1240 2609 ἀνα·

283 2634 363 2704 θοῑςΙ
374 2625 515 2711 ἀνδράσι
530 2622 589 2703 τάς
606 2625 667 2710 μὲν
681 2631 750 2692 τῶν
766 2623 942 2710 χρημάτων
959 2621 1086 2707 κτήσεις
1096 2627 1228 2689 καὶτῶν

283 2720 364 2790 κατά
375 2723 434 2792 τόν
445 2721 662 2811 βίονὴδονων
672 2721 870 2801 ἀπολαύσεις
878 2719 1159 2806 ὑπερεωραμένας,
1170 2730 1226 2806 τῆς

283 2817 314 2887 δ’
335 2819 451 2906 ἀρετῆς
470 2823 524 2890 καὶ
540 2829 609 2888 τῶν
620 2823 764 2889 ἐπαίνων
780 2828 892 2889 πᾶσαν
903 2818 966 2908 την
974 2824 1154 2904 ἐπιθυμίαν
1165 2812 1226 2887 υό-

284 2935 364 3001 σαν,
386 2921 418 2996 ἐξ
435 2911 483 2987 όν
499 2916 594 2987 ταῦτ’
612 2915 656 2986 ἀν
673 2918 784 2999 αὐτοῖς
800 2919 940 3006 μάλιστα
955 2921 1083 3007 γένοιτο
1106 2920 1225 3004 λόγων,

282 3015 412 3092 τούτοις
429 3016 588 3105 ᾠήθησαν
605 3022 675 3086 δεῖν
692 3017 813 3098 αὐτοὺς
833 3027 946 3106 τιμάν,
980 3016 1027 3086 ἵν’
1047 3016 1091 3105 ἣν
1111 3024 1227 3099 ζῶντες

283 3111 460 3198 ἐκτήσαντο
479 3111 646 3200 εὐδοξίαν,
669 3116 751 3204 αὕτη
763 3120 823 3186 ’καὶ
839 3119 1104 3204 τετελευτηκόσιν
1116 3116 1228 3198 αὐτοῖς
1255 3112 1259 3118 ’

256 3212 477 3298 3ἀποδοθείη.
501 3219 531 3280 εί
540 3213 601 3298 μὲν
611 3206 674 3280 οόν
684 3215 746 3301 τὴν
756 3213 913 3300 ἀνδρείαν
922 3194 1030 3300 μόνον
1040 3213 1150 3294 αὐτοῖς
1159 3223 1227 3284 τῶν

283 3315 328 3388 είς
339 3308 890 3399 ἀρετὴνάνηκόντωνιὺπάρχουσαν
901 3313 1032 3399 ἑοόρων,
1051 3313 1173 3401 ταύτην
1183 3310 1226 3383 ἀν

284 3410 456 3489 ἐπαινέσας
472 3409 722 3498 ἀπηλλαττόμην
737 3421 806 3478 των
825 3419 966 3479 λοιπαῖν·
989 3408 1154 3497 ἐπειδὴδὲ
1171 3415 1225 3480 καὶ

282 3515 482 3594 γεγενῆσθαι
499 3516 608 3589 καλῶς
628 3512 684 3578 καὶ
707 3513 948 3576 πεπαιδεῦσθαι
969 3509 1150 3595 σωφρόνως
1171 3509 1226 3576 καλ

282 3609 474 3694 βεβιωκέναι
485 3617 663 3696 φιλοτίμως
674 3612 881 3694 συμβέβηκεν
892 3605 1017 3696 αὐτοῖς,
1036 3611 1068 3689 ἐξ
1080 3602 1127 3676 όν
1138 3606 1226 3675 εἰκό-

282 3730 345 3783 τως
355 3697 442 3791 ἦσαν
454 3713 642 3793 σπουδαῖοι,
655 3712 872 3793 αἰσχυνοίμην
883 3701 927 3774 ἀν
937 3716 971 3775 εί
978 3732 1009 3775 τι
1020 3706 1148 3775 τούτων
1158 3729 1226 3790 φα-
