3159 4409
520 496 663 559 KATA
697 497 1012 560 O-EOKPINOY.
1081 557 1083 564 ,
1179 498 1243 563 267
1327 510 1329 515 ‘

291 659 417 744 Χάρητι
427 663 472 747 τῷ
485 664 656 746 στρατηγῷ
665 655 913 742 συνεχάρησαν,
923 663 1042 725 τοῦτον
1053 657 1089 725 δὲ
1097 658 1156 727 τόν
1164 684 1241 745 μια-

292 754 356 843 ρόν
372 757 644 841 παραδεξάμενον
656 760 788 843 Χαρίνῳ
806 760 853 844 τῷ
865 753 1012 843 προδότῃ
1023 753 1125 822 ταύτά
1136 756 1235 839 πράτ-

289 881 376 940 τειν,
398 854 480 937 ὅπερ
495 847 538 940 ἦν
556 852 738 938 άνανκαῖον
756 849 886 937 αύτοῖς,
907 851 1000 921 τοῦτ’
1011 857 1170 938 ἔπραξαν·
1194 857 1241 921 εἴ-

286 964 386 1025 λοντο
403 951 469 1039 γὰρ
486 959 553 1021 τόν
569 952 746 1037 παρόντων
763 958 878 1019 κακῶν
888 950 929 1019 τά
941 952 1102 1039 ἐλάχιστα.
1134 961 1241 1021 καίτοι

287 1060 322 1120 τί
334 1042 555 1138 χρηνομίζειν
572 1046 695 1129 αύτούς
711 1048 848 1135 πάσχειν
863 1046 930 1117 ύπό
943 1057 1012 1118 τόν
1023 1052 1146 1120 ένθόδε
1156 1076 1240 1136 γρα-

287 1153 461 1237 φομένων,
482 1145 531 1228 οἷς
548 1143 593 1235 ἦν
610 1146 827 1234 αίρετεότερον
843 1145 1000 1233 φρουράν
1016 1145 1239 1234 ὑποδέχεσθαι

287 1252 342 1318 καὶ
352 1249 531 1337 βαρβάρων
542 1247 688 1333 ἀκούειν,
700 1244 797 1333 ὑμῶν
808 1243 1029 1326 άποστάνταςς
1046 1244 1125 1329 ἀλλ’,
1138 1246 1239 1333 οἶμαι,

287 1347 348 1435 τὴν
359 1348 487 1417 τούτων
497 1354 661 1433 πονηρίαν
671 1343 765 1432 ὑμεῖς
773 1346 872 1431 μόνοι
881 1345 1032 1415 δύνασθε
1040 1348 1166 1432 φέρειν,
1178 1346 1239 1414 άλ-

284 1455 341 1521 λος
355 1444 384 1513 δ’
400 1443 507 1524 οὐδεὶς
517 1442 768 1531 τῶνἙλλήνων.

243 1563 277 1618 39
365 1543 436 1611 “Oa
447 1543 509 1628 μὲν
520 1535 583 1610 ούν
595 1541 672 1610 ούτε
686 1540 740 1610 διά
751 1541 810 1620 τὰς
820 1541 951 1630 γραφὰς
962 1542 1020 1622 τάς
1030 1540 1239 1629 ἀνεγνωσμέ-

287 1671 348 1723 νας
366 1641 442 1710 ούτε
460 1639 504 1710 δι’
523 1639 630 1727 άλλην
648 1646 756 1709 αἰτίαν
773 1639 933 1727 οὐδεμίαν
947 1639 1042 1722 ἄξιόν
1052 1645 1119 1711 ἐστι
1130 1666 1238 1728 παρα-

287 1741 412 1828 βάντας
427 1738 505 1819 τούς
522 1740 647 1826 νόμους
662 1737 741 1819 τούς
756 1743 832 1826 περὶ
847 1747 915 1809 τῶν
926 1743 1095 1821 ἐνδείξεων
1104 1738 1237 1826 άφεῖναι

288 1845 488 1925 Θεοκρίνην,
510 1837 628 1923 σχεδόν
643 1842 699 1906 καί
720 1835 775 1906 διά
796 1845 865 1906 τῶν
885 1841 1067 1926 εἰρημένων
1088 1839 1237 1926 φανερόν

285 1943 384 2008 ἐστιν.
407 1935 470 2023 έγό
483 1937 518 2006 δέ
529 1937 587 2016 τάς
596 1936 657 2024 μὲν
666 1938 798 2007 τούτων
808 1937 1007 2025 προφάσεις,
1020 1936 1175 2025 ιιάνδρες
1186 1942 1237 2006 δι-

285 2039 412 2120 κασταὶ,
424 2037 479 2104 καὶ
489 2030 547 2114 τάς
558 2041 755 2122 κατηγορίας
765 2038 819 2104 καί
830 2033 889 2117 τάς
900 2038 1144 2125 προσποιήτους
1154 2063 1237 2105 ταν-

241 2138 359 2210 4οτασλ
376 2140 497 2221 ἔχθρας
513 2134 555 2203 ού
574 2135 757 2205 λανθάνειν
768 2132 856 2220 ὑμεῖς
867 2141 995 2222 νομίζω.
1032 2133 1074 2203 ού
1085 2133 1151 2220 γάρ
1164 2134 1312 2203 ‹im-1335

285 2235 380 2320 μάκις
396 2231 548 2318 ἑοράκατ’
569 2232 691 2313 αύτούς
708 2238 761 2303 έπί
776 2236 840 2319 μὲν
856 2242 925 2301 τῶν
941 2238 1161 2321 δικαστηρίων
1181 2237 1237 2301 καί

285 2340 345 2401 τοῦ
354 2332 499 2420 βήματος
509 2331 650 2418 ἐχθρούς
659 2330 743 2399 εἶναι
753 2332 943 2416 φάσκοντας
953 2330 1114 2416 ἀλληλοις,
1122 2335 1189 2418 ίδίηι
1201 2330 1236 2397 δέ

285 2429 387 2499 ταύτά
402 2431 605 2514 πράττοντας
615 2433 670 2497 καί
679 2430 873 2513 μετέχοντας
883 2452 951 2494 των
967 2425 1162 2512 λημμάτων,
1180 2430 1236 2494 καὶ

285 2531 426 2617 τοτέμὲν
434 2530 712 2616 λοιδορουμένους
720 2527 775 2594 καὶ
784 2523 971 2604 πλύνοντας
980 2522 1103 2603 αὐτούς
1111 2522 1236 2609 τάπόρ-

287 2655 384 2715 ρητα,
402 2627 523 2714 μικρὸν
535 2629 571 2696 δέ
582 2625 796 2705 διαλιπόντας
806 2637 872 2703 τοῖς
883 2621 995 2703 αύιοις
1004 2624 1134 2702 τούτοις
1144 2627 1237 2692 ένδε-

286 2727 446 2807 κάζοντας
454 2730 509 2794 καὶ
516 2734 586 2795 τοῖν
594 2723 705 2793 αὐτῶν
713 2728 814 2809 ίεροῐν
822 2732 1076 2803 κοινωνοῦντας.
1095 2725 1151 2792 καὶ
1159 2721 1239 2790 τού-

285 2852 355 2893 των
371 2823 471 2895 ούδέν
488 2835 566 2905 ίσως
581 2822 757 2911 θαυμάσαι
773 2819 869 2903 άξιόν
889 2826 972 2891 ἐστι·
993 2821 1096 2910 φύσει
1117 2848 1152 2890 τε
1172 2821 1237 2907 γάρ

286 2931 351 2992 εἰσι
367 2928 507 3009 πονηροὶ
523 2926 579 2993 καί
590 2922 649 3002 τὰς
659 2920 813 3001 τοιαύτας
823 2923 1007 3009 προφάσεις
1017 2919 1141 3009 ὁρῶσιν
1153 2918 1239 3006 ὑμᾶς

285 3021 565 3109 ἀποδεχομένους,
587 3021 672 3091 ύστε
689 3027 722 3088 τί
734 3021 857 3090 κωλύει
873 3021 1008 3100 ταύταις
1019 3017 1141 3099 αύτούς
1151 3044 1238 3104 χρω-

241 3140 277 3195 41
287 3126 408 3208 μένους
419 3124 581 3211 έξαηατιῖν
592 3118 678 3205 ὑμᾶς
689 3126 881 3205 πειρᾶσθαις
893 3118 977 3200 όλως
989 3117 1021 3188 δ’
1035 3125 1138 3204 ἔγωγε
1150 3117 1239 3203 οἶμαι

287 3225 358 3289 δεῖν
375 3217 479 3305 ὑμᾶς,
503 3210 664 3305 άόίνδρες
681 3221 847 3304 δικασταὶ,
868 3215 952 3304 ὑπὲρ
963 3215 1069 3285 αὐτοῦ
1079 3225 1141 3284 τοῦ
1151 3215 1239 3302 πρά-

286 3345 407 3405 γματος
418 3319 660 3404 σκεψαμένους,
675 3320 706 3386 εί
714 3319 776 3404 μὲν
788 3322 898 3385 δίκαια
909 3321 992 3401 λέγω
1003 3318 1057 3383 καὶ
1068 3313 1150 3383 κατά
1161 3313 1239 3394 τούς

286 3418 426 3503 νόμους,
448 3423 589 3503 βοηθεῖν
605 3441 677 3503 μοι,
702 3417 808 3504 μηδὲν
824 3412 1127 3501 ὑπολογισαμένους
1143 3421 1174 3485 εί
1191 3412 1236 3502 μη

286 3517 509 3601 Δημοσθένης
518 3515 608 3583 ἐστίν
619 3510 636 3585 ό
648 3521 859 3602 κατηγορεῖν,
871 3510 955 3583 άλλά
965 3513 1145 3602 μειράκων,
1157 3513 1239 3600 μηδὲ

288 3606 429 3698 νομίζειν
444 3615 673 3699 κυριωτέρους.
711 3620 782 3682 δεῖν
799 3612 883 3683 εἶναι
899 3610 977 3692 τούς
987 3616 1124 3703 νόμους,
1147 3612 1190 3681 ἂν
1201 3598 1242 3679 εύ

287 3736 335 3790 τις
353 3725 420 3790 τοῖς
435 3710 575 3798 ὀνόμασι
586 3716 771 3801 συμπλέξας
791 3709 915 3792 αύτούς
930 3712 1069 3793 τούτους
1086 3711 1166 3798 ύμῖν
1176 3733 1242 3777 πα-
