3159 4409
537 476 677 537 Ποοα
704 471 995 536 ΠοΛνιιισΑ.
1110 554 1115 569 ι
1179 473 1239 539 ιιι

290 664 365 723 ριον
374 636 461 724 ήκοι,
475 640 627 705 ἐκέλευον
637 631 742 702 αῦτόν
751 658 809 719 μοι
820 637 968 701 δανεῖσαι
978 631 1190 720 ὑποθέμενον
1199 637 1239 705 τὰ

289 736 393 821 σκεῦη
409 743 467 822 τῆς
478 733 577 818 νεοδς,
599 730 644 801 ἵν’
659 739 761 819 ἔχοιμι
772 735 948 801 διαδοῦναι
958 748 1026 813 τοῖς
1040 734 1175 815 ναύταις
1184 737 1238 804 καὶ

287 840 506 920 κατακομίσαι
516 829 577 918 τήν
588 839 685 914 ναῦν,
697 827 808 915 ἐπειδὴ
821 828 863 897 οῦ
874 831 1028 917 βούλεται
1038 841 1240 920 παραλαβεῖν

243 955 280 1009 56
290 934 441 1018 διάδοχος
452 930 509 1000 όν.
543 932 703 1014 δεομένου
715 932 751 996 δέ
760 955 827 1014 μου
836 937 956 1011 ταῦτα,
974 927 1173 1020 ἀπεκρίνατό
1184 958 1241 1018 μοι

289 1029 342 1099 ὅτι
352 1028 426 1098 οὐδ’
438 1027 546 1116 ἀκαρῆ
559 1032 712 1095 δανείσοι.
735 1026 800 1113 ἐγώ
810 1027 871 1113 μὲν
883 1021 948 1096 οῦν
959 1027 1048 1113 παρά
1062 1033 1165 1110 ξένων
1179 1037 1241 1097 Τε-

287 1133 410 1197 νεδίων
426 1123 637 1212 τοῦπατρὸς,
657 1126 869 1204 Κλεάνακτος
878 1123 1142 1214 καῖ’-Επηράτου,
1163 1129 1241 1194 ἐδα-

288 1228 448 1313 νεισάμην
465 1228 521 1293 καὶ
538 1229 646 1292 ἔδωκα
662 1239 730 1303 τοῖς
746 1225 883 1302 ναύταις
898 1222 936 1291 τό
960 1227 1161 1312 σιτηρέσιον·
1185 1222 1240 1292 διά
1249 1239 1317 1293 1224

288 1325 354 1414 γάρ
369 1323 407 1392 τό
417 1330 592 1405 Πασίωνος
608 1318 763 1390 εἶναικαὶ
780 1325 909 1391 ἐκεῖνον
927 1324 1147 1402 ἐπεξενῶσθαι
1157 1332 1241 1392 πολ-

288 1434 358 1504 λοῖς
368 1427 424 1494 καὶ
434 1429 654 1508 πιστευθῆναι
664 1425 703 1489 έν
712 1430 752 1509 τῇ
760 1418 891 1489 Ἐλλάδι
901 1418 964 1491 οῦκ
975 1419 1141 1508 ἠπόρουν,
1154 1419 1241 1488 ὅπου

289 1521 447 1610 δεηθείην
458 1528 683 1591 δανείσασθαι.
707 1513 929 1599 ὡςοῦνταῦτ,’
942 1517 1051 1606 ἀληθή
1063 1515 1241 1606 πρόςῦμάς
1337 1586 1339 1591 ,

288 1621 531 1707 λέχω,τοῦτων
542 1618 622 1706 ὑμῖν
632 1615 692 1697 τὰς
702 1623 885 1704 μαρτυρίας
896 1621 1083 1703 παρέξομαι.
1181 1664 1185 1674 ·

376 1788 379 1793 ⁴
633 1723 894 1784 MAPTYPIAI.

243 1841 277 1896 57
365 1816 475 1885 Ὅσων
494 1815 555 1903 μὲν
571 1822 687 1883 τοίνυν
703 1811 782 1900 ῦμῖν
802 1815 979 1901 έδυνάμην
991 1814 1049 1893 τὰς
1059 1823 1239 1902 μαρτυρίας

287 1920 516 2002 παρασχέσθαι
526 1920 594 1982 των
608 1916 899 2001 παραγενομένων,
912 1910 957 1992 ὡς
968 1916 1170 1996 παρεδίδουν
1178 1915 1239 2002 τήν

288 2023 375 2084 ναῦν
393 2022 561 2083 Πολυκλεῖ
573 2012 746 2100 πολλάκις,
768 2004 866 2091 οὗτος
883 2009 914 2079 δ’
934 2009 997 2081 οῦκ
1012 2009 1115 2100 ήθελε
1131 2038 1239 2098 παρα·
1286 2003 1291 2012 ’

287 2123 418 2203 λαβεῖν,
439 2112 626 2198 ἀνέγνωκεν
636 2108 731 2198 ῦμῖν·
754 2115 800 2178 ἔτι
811 2109 847 2178 δὲ
858 2113 914 2179 καὶ
924 2112 960 2178 έκ
969 2118 1154 2198 τεκμηρίων
1165 2118 1240 2181 ίκα-

290 2221 361 2281 νῦν
378 2211 546 2298 δεδήλωκα
564 2208 643 2295 ῦμῖν
659 2209 744 2277 διότι
760 2207 823 2277 οῦκ
840 2208 943 2296 ήθελε
959 2219 1162 2298 παραλαβεῖν
1177 2210 1240 2298 τήν

289 2320 387 2380 ναῦν.
416 2311 579 2398 βούλομαι
591 2305 715 2395 δ’ῦμῖν
727 2305 853 2374 καὶτὸν
864 2308 970 2393 νόμον
978 2305 1240 2394 ἀναγνωσθῆναι
1290 2359 1293 2365 -

289 2409 350 2478 τόν
366 2412 440 2497 περὶ
456 2418 523 2477 νῦν
540 2409 719 2495 διαδόχων,
741 2404 787 2475 ἵν’
805 2413 910 2492 είδήτε
926 2405 1052 2492 ἡλίκων
1061 2417 1128 2475 τῶν
1139 2413 1240 2477 ἐπιτι-

289 2515 375 2596 μίων
385 2508 503 2591 όντων,
515 2506 573 2575 ἐάν
583 2534 631 2585 τις
640 2503 684 2593 μή
697 2508 881 2592 διαδέξηται
890 2506 952 2590 τήν
962 2512 1050 2573 ναῦν
1059 2509 1095 2573 έν
1105 2516 1151 2597 τῷ
1161 2509 1241 2597 χρό-

290 2633 339 2698 νῳ
350 2615 395 2694 τῷ
408 2609 568 2695 εἰρημένω
574 2657 585 2690 ,
596 2605 844 2692 κατεφρόνησεν
856 2601 918 2672 οῦκ
929 2607 1012 2690 ἐμοῦ
1022 2605 1143 2692 μόνον,
1157 2604 1239 2675 ἀλλά

244 2708 345 2784 ,mal
355 2703 451 2792 ῦμῦν
462 2708 516 2774 καὶ
526 2714 594 2773 τῶν
604 2706 726 2792 νόμων.
750 2707 805 2772 καὶ
817 2705 870 2772 διά
880 2704 941 2790 μὲν
950 2712 1071 2772 τοῦτον
1081 2705 1188 2773 πάντα
1199 2714 1240 2793 τῇ

289 2804 385 2873 πόλει
405 2803 555 2890 ἀπρακτα
568 2808 686 2891 μέμονε
702 2805 840 2885 καὶτοῖς
856 2806 1053 2892 συμμάχοις·
1076 2804 1153 2874 οῦτε
1175 2803 1239 2891 γάρ

289 2903 426 2990 ἀφίκετο
437 2907 490 2973 ἐπὶ
500 2903 562 2991 τήν,
572 2913 659 2972 ναῦν
670 2901 752 2972 κατά
762 2900 823 2971 τόν
833 2903 955 2991 νόμον,
970 2901 1043 2972 οὔτ’
1056 2902 1166 2991 ἐπειδή
1179 2899 1240 2991 ήλ-

287 3011 355 3071 θεν
371 3001 515 3089 ήθέλησε
534 3007 760 3083 διαδέξασθαι·
783 3000 846 3086 έχιδ
860 3004 896 3069 δὲ
906 3006 961 3070 καί
971 3000 1031 3071 τόν
1042 3000 1126 3085 ὑπὲρ
1137 3006 1251 3089 έμαυ-,

288 3108 351 3168 τοῦ
362 3098 441 3187 ὑμῖν
452 3102 575 3188 χρόνον
586 3103 640 3170 καὶ
651 3100 709 3168 τόν
722 3097 807 3187 ὑπὲρ
816 3109 877 3168 τοῦ
886 3099 1150 3186 συντριηράρχου
1158 3103 1241 3169 ἐλει-

267 3268 271 3273 ,
288 3200 467 3286 τοῦρχησα,
479 3203 534 3268 καὶ
545 3197 655 3287 ἐπειδή
668 3201 787 3286 ἐξῆλθέ
796 3226 852 3286 μοι
863 3197 880 3266 ὁ
892 3199 1011 3284 χρόνος
1019 3191 1241 3295 τήρτριηραρὲ

287 3305 375 3385 χίας,
396 3287 658 3386 προστάτῦοντός
673 3325 730 3385 μοι
742 3307 804 3367 τοῦ
816 3303 1002 3383 στρατηγοῦ
1013 3305 1108 3364 πλεῖν
1118 3297 1242 3384 ἐφ’Ἱε-

244 3417 280 3472 59
290 3396 352 3486 ρόν
365 3401 560 3484 παρέπεμψα
571 3407 617 3487 τῷ
631 3398 722 3487 δήμω
733 3399 794 3466 τὸν
804 3413 913 3481 σῖτον,
924 3394 969 3463 ἵν’
984 3401 1075 3483 έχητε
1086 3396 1243 3485 ἄφθονον
1290 3432 1294 3467 ι

290 3494 452 3565 ὠνεῖσθαι
463 3499 518 3571 καὶ
528 3501 631 3583 μηδὲν
641 3496 720 3582 ὑμῖν
731 3495 803 3563 κατ’
817 3495 871 3582 ἐμὲ
883 3499 1080 3583 ἐλλείπηται,
1092 3502 1147 3568 καὶ
1158 3498 1243 3568 ἀλλα
1269 3579 1275 3589 ἱ

290 3594 353 3663 ὅσα
364 3590 386 3683 ή
397 3597 468 3682 ἐμοὶ
478 3591 500 3682 ή
511 3604 551 3684 τῇ
562 3597 686 3681 τριήρει
694 3595 863 3683 ἐβουλήθη
874 3591 1081 3682 ὁστρατηχός
1088 3606 1242 3685 χρῆσθαι,

290 3696 455 3780 παρέσχον
466 3693 568 3782 αὐτῷ,
580 3692 621 3762 οῦ
632 3694 737 3781 μόνον
747 3691 809 3779 τήν
821 3691 940 3763 οῦσίαν
949 3692 1147 3782 ἀναλίσκων,
1160 3691 1243 3763 ἀλλά
