<?xml version="1.0" encoding="UTF-8"?>
<!DOCTYPE html PUBLIC "-//W3C//DTD XHTML 1.0 Transitional//EN"
    "http://www.w3.org/TR/xhtml1/DTD/xhtml1-transitional.dtd">
<html xmlns="http://www.w3.org/1999/xhtml" xml:lang="en" lang="en">
 <head>
  <title>
</title>
<meta http-equiv="Content-Type" content="text/html;charset=utf-8" />
  <meta name='ocr-system' content='tesseract 3.04.00' />
  <meta name='ocr-capabilities' content='ocr_page ocr_carea ocr_par ocr_line ocrx_word'/>
</head>
<body>
  <div class='ocr_page' id='page_1' title='image "./orationesexrece02demogoog_0056.png"; bbox 0 0 3159 4409; ppageno 0'>
   <div class='ocr_carea' id='block_1_1' title="bbox 281 464 1048 529">
    <p class='ocr_par' dir='ltr' id='par_1_1' title="bbox 281 464 1048 529">
     <span class='ocr_line' id='line_1_1' title="bbox 281 464 1048 529; baseline -0.005 0"><span class='ocrx_word' id='word_1_1' title='bbox 281 486 285 495; x_wconf 90' lang='grc'><em>’</em></span> <span class='ocrx_word' id='word_1_2' title='bbox 310 467 353 529; x_wconf 87' lang='grc'><strong><em>50</em></strong></span> <span class='ocrx_word' id='word_1_3' title='bbox 521 469 611 527; x_wconf 78' lang='lat' dir='ltr'>XLIV.</span> <span class='ocrx_word' id='word_1_4' title='bbox 634 464 1048 529; x_wconf 72' lang='grc' dir='ltr'><strong><em>ΔΗΜΟΣΘΕΝΟΤΣ</em></strong></span> 
     </span>
    </p>
   </div>
   <div class='ocr_carea' id='block_1_2' title="bbox 207 615 1331 3777">
    <p class='ocr_par' dir='ltr' id='par_1_2' title="bbox 207 615 1331 2572">
     <span class='ocr_line' id='line_1_2' title="bbox 308 615 1260 742; baseline -0.009 -43.802"><span class='ocrx_word' id='word_1_5' title='bbox 308 619 514 698; x_wconf 79' lang='grc' dir='ltr'><strong><em>οίαίιτοὶ</em></strong></span> <span class='ocrx_word' id='word_1_6' title='bbox 471 653 579 695; x_wconf 90' lang='grc' dir='ltr'><strong><em>ουτοι·</em></strong></span> <span class='ocrx_word' id='word_1_7' title='bbox 608 623 626 695; x_wconf 88' lang='grc' dir='ltr'>ὁ</span> <span class='ocrx_word' id='word_1_8' title='bbox 650 623 714 710; x_wconf 86' lang='grc' dir='ltr'><strong><em>γάρ</em></strong></span> <span class='ocrx_word' id='word_1_9' title='bbox 737 629 942 716; x_wconf 75' lang='grc' dir='ltr'><strong><em>Μειδυλίδης</em></strong></span> <span class='ocrx_word' id='word_1_10' title='bbox 964 615 1154 742; x_wconf 84' lang='grc' dir='ltr'><strong><em>ἀδελφός</em></strong></span> <span class='ocrx_word' id='word_1_11' title='bbox 1131 650 1176 709; x_wconf 91' lang='grc' dir='ltr'><strong><em>ην</em></strong></span> <span class='ocrx_word' id='word_1_12' title='bbox 1196 630 1260 692; x_wconf 83' lang='grc' dir='ltr'><strong><em>τοῦ</em></strong></span> 
     </span>
     <span class='ocr_line' id='line_1_3' title="bbox 308 721 1261 819; baseline -0.004 -24.987"><span class='ocrx_word' id='word_1_13' title='bbox 308 727 497 819; x_wconf 73' lang='grc' dir='ltr'><em>Ἀρχιάδου,</em></span> <span class='ocrx_word' id='word_1_14' title='bbox 523 734 585 796; x_wconf 78' lang='grc' dir='ltr'><strong><em>τοῦ</em></strong></span> <span class='ocrx_word' id='word_1_15' title='bbox 610 727 645 794; x_wconf 70' lang='grc' dir='ltr'><strong><em>δέ</em></strong></span> <span class='ocrx_word' id='word_1_16' title='bbox 660 730 870 793; x_wconf 76' lang='grc' dir='ltr'><strong><em>Μειδυλίδου</em></strong></span> <span class='ocrx_word' id='word_1_17' title='bbox 885 721 1038 810; x_wconf 81' lang='grc' dir='ltr'><strong><em>θυγάτηρ</em></strong></span> <span class='ocrx_word' id='word_1_18' title='bbox 1055 721 1076 810; x_wconf 88' lang='grc' dir='ltr'><strong><em>ή</em></strong></span> <span class='ocrx_word' id='word_1_19' title='bbox 1094 749 1156 790; x_wconf 93' lang='grc' dir='ltr'><strong><em>του</em></strong></span> <span class='ocrx_word' id='word_1_20' title='bbox 1176 726 1261 808; x_wconf 82' lang='grc' dir='ltr'>ἐμοῦ</span> 
     </span>
     <span class='ocr_line' id='line_1_4' title="bbox 311 815 1259 945; baseline -0.006 -51"><span class='ocrx_word' id='word_1_21' title='bbox 311 825 434 912; x_wconf 77' lang='grc' dir='ltr'><strong><em>πατρὸς</em></strong></span> <span class='ocrx_word' id='word_1_22' title='bbox 444 827 568 945; x_wconf 83' lang='grc' dir='ltr'><strong><em>μήτηρ,</em></strong></span> <span class='ocrx_word' id='word_1_23' title='bbox 583 823 667 912; x_wconf 84' lang='grc' dir='ltr'><strong><em>οῖστε</em></strong></span> <span class='ocrx_word' id='word_1_24' title='bbox 679 831 826 909; x_wconf 90' lang='grc' dir='ltr'><strong><em>γίγνεται</em></strong></span> <span class='ocrx_word' id='word_1_25' title='bbox 833 822 1021 910; x_wconf 73' lang='grc' dir='ltr'><strong><em>Ἀρχιάδης,</em></strong></span> <span class='ocrx_word' id='word_1_26' title='bbox 1040 815 1180 905; x_wconf 70' lang='grc' dir='ltr'><strong><em>ὑπὲρ</em></strong></span> <span class='ocrx_word' id='word_1_27' title='bbox 1137 848 1179 889; x_wconf 92' lang='grc' dir='ltr'><strong><em>ου</em></strong></span> <span class='ocrx_word' id='word_1_28' title='bbox 1195 829 1259 890; x_wconf 84' lang='grc' dir='ltr'><strong><em>τοῦ</em></strong></span> 
     </span>
     <span class='ocr_line' id='line_1_5' title="bbox 311 924 1260 1012; baseline -0.006 -18"><span class='ocrx_word' id='word_1_29' title='bbox 311 927 437 1012; x_wconf 90' lang='grc' dir='ltr'><strong><em>κληρου</em></strong></span> <span class='ocrx_word' id='word_1_30' title='bbox 447 952 508 1011; x_wconf 87' lang='grc' dir='ltr'><strong><em>την</em></strong></span> <span class='ocrx_word' id='word_1_31' title='bbox 519 929 727 992; x_wconf 78' lang='grc' dir='ltr'><strong><em>ἐπιδικασίαν</em></strong></span> <span class='ocrx_word' id='word_1_32' title='bbox 737 924 925 1008; x_wconf 75' lang='grc' dir='ltr'><strong><em>ποιουμεθα</em></strong></span> <span class='ocrx_word' id='word_1_33' title='bbox 935 925 1012 990; x_wconf 80' lang='grc' dir='ltr'><strong><em>νυνὶ</em></strong></span> <span class='ocrx_word' id='word_1_34' title='bbox 1019 932 1132 1006; x_wconf 75' lang='grc' dir='ltr'><strong><em>,θεῖος</em></strong></span> <span class='ocrx_word' id='word_1_35' title='bbox 1146 949 1186 1010; x_wconf 89' lang='grc' dir='ltr'><strong><em>τη</em></strong></span> <span class='ocrx_word' id='word_1_36' title='bbox 1197 947 1260 990; x_wconf 91' lang='grc' dir='ltr'><strong><em>του</em></strong></span> 
     </span>
     <span class='ocr_line' id='line_1_6' title="bbox 311 1019 1259 1111; baseline -0.004 -18"><span class='ocrx_word' id='word_1_37' title='bbox 311 1025 433 1111; x_wconf 84' lang='grc' dir='ltr'><strong><em>πατρὸς</em></strong></span> <span class='ocrx_word' id='word_1_38' title='bbox 443 1051 503 1093; x_wconf 93' lang='grc' dir='ltr'><strong><em>του</em></strong></span> <span class='ocrx_word' id='word_1_39' title='bbox 491 1027 596 1110; x_wconf 82' lang='grc' dir='ltr'>ἐμοῦ</span> <span class='ocrx_word' id='word_1_40' title='bbox 608 1025 704 1109; x_wconf 89' lang='grc' dir='ltr'><strong><em>μητρὶ</em></strong></span> <span class='ocrx_word' id='word_1_41' title='bbox 715 1026 750 1090; x_wconf 82' lang='grc' dir='ltr'><strong><em>ἐκ</em></strong></span> <span class='ocrx_word' id='word_1_42' title='bbox 761 1025 1018 1107; x_wconf 83' lang='grc' dir='ltr'><strong><em>πατραδέλφων,</em></strong></span> <span class='ocrx_word' id='word_1_43' title='bbox 1031 1020 1114 1107; x_wconf 88' lang='grc' dir='ltr'><strong><em>πρός</em></strong></span> <span class='ocrx_word' id='word_1_44' title='bbox 1124 1019 1259 1105; x_wconf 86' lang='grc' dir='ltr'><strong><em>ἀνδροῖν</em></strong></span> 
     </span>
     <span class='ocr_line' id='line_1_7' title="bbox 311 1119 1257 1211; baseline -0.001 -19"><span class='ocrx_word' id='word_1_45' title='bbox 311 1131 394 1211; x_wconf 81' lang='grc' dir='ltr'><strong><em>ἔχων</em></strong></span> <span class='ocrx_word' id='word_1_46' title='bbox 411 1122 472 1208; x_wconf 87' lang='grc' dir='ltr'><strong><em>τήν</em></strong></span> <span class='ocrx_word' id='word_1_47' title='bbox 489 1127 684 1207; x_wconf 89' lang='grc' dir='ltr'><strong><em>συγγένειαν</em></strong></span> <span class='ocrx_word' id='word_1_48' title='bbox 700 1122 825 1207; x_wconf 82' lang='grc' dir='ltr'><strong><em>ταύτην</em></strong></span> <span class='ocrx_word' id='word_1_49' title='bbox 841 1123 896 1190; x_wconf 82' lang='grc' dir='ltr'><strong><em>καὶ</em></strong></span> <span class='ocrx_word' id='word_1_50' title='bbox 912 1119 954 1187; x_wconf 86' lang='lat'><strong><em>06</em></strong></span> <span class='ocrx_word' id='word_1_51' title='bbox 971 1121 1054 1205; x_wconf 82' lang='grc' dir='ltr'><strong><em>πρὸς</em></strong></span> <span class='ocrx_word' id='word_1_52' title='bbox 1074 1142 1257 1207; x_wconf 88' lang='grc' dir='ltr'><strong><em>γυναικιιν.</em></strong></span> 
     </span>
     <span class='ocr_line' id='line_1_8' title="bbox 310 1219 1260 1310; baseline -0.003 -18"><span class='ocrx_word' id='word_1_53' title='bbox 310 1224 523 1310; x_wconf 78' lang='grc' dir='ltr'><strong><em>Λεώστρατος</em></strong></span> <span class='ocrx_word' id='word_1_54' title='bbox 540 1221 571 1290; x_wconf 87' lang='grc' dir='ltr'><strong><em>δ’</em></strong></span> <span class='ocrx_word' id='word_1_55' title='bbox 585 1219 698 1290; x_wconf 78' lang='grc' dir='ltr'><strong><em>οὑτοσὶ</em></strong></span> <span class='ocrx_word' id='word_1_56' title='bbox 714 1223 803 1307; x_wconf 90' lang='grc' dir='ltr'><strong><em>γένει</em></strong></span> <span class='ocrx_word' id='word_1_57' title='bbox 813 1247 848 1288; x_wconf 89' lang='grc' dir='ltr'><strong><em>τε</em></strong></span> <span class='ocrx_word' id='word_1_58' title='bbox 865 1220 1022 1303; x_wconf 78' lang='grc' dir='ltr'><strong><em>ἀπωτέρω</em></strong></span> <span class='ocrx_word' id='word_1_59' title='bbox 1033 1223 1100 1288; x_wconf 76' lang='grc' dir='ltr'><strong><em>ἐστὶ</em></strong></span> <span class='ocrx_word' id='word_1_60' title='bbox 1110 1223 1165 1289; x_wconf 77' lang='grc' dir='ltr'><strong><em>καὶ</em></strong></span> <span class='ocrx_word' id='word_1_61' title='bbox 1175 1221 1260 1304; x_wconf 85' lang='grc' dir='ltr'><strong><em>πρὸς</em></strong></span> 
     </span>
     <span class='ocr_line' id='line_1_9' title="bbox 310 1318 1260 1409; baseline -0.004 -19"><span class='ocrx_word' id='word_1_62' title='bbox 310 1330 479 1409; x_wconf 85' lang='grc' dir='ltr'><strong><em>γυναικοῖν</em></strong></span> <span class='ocrx_word' id='word_1_63' title='bbox 496 1318 798 1408; x_wconf 84' lang='grc' dir='ltr'><strong><em>οίκείοςἈρχιάδη·</em></strong></span> <span class='ocrx_word' id='word_1_64' title='bbox 830 1318 850 1406; x_wconf 84' lang='grc' dir='ltr'><strong><em>ή</em></strong></span> <span class='ocrx_word' id='word_1_65' title='bbox 873 1319 939 1404; x_wconf 81' lang='grc' dir='ltr'><strong><em>γὰρ</em></strong></span> <span class='ocrx_word' id='word_1_66' title='bbox 960 1318 1260 1403; x_wconf 69' lang='grc' dir='ltr'><strong><em>τοῦΛεωκράτους</em></strong></span> 
     </span>
     <span class='ocr_line' id='line_1_10' title="bbox 311 1410 1258 1508; baseline -0.005 -19"><span class='ocrx_word' id='word_1_67' title='bbox 311 1422 417 1508; x_wconf 91' lang='grc' dir='ltr'><strong><em>μήτηρ</em></strong></span> <span class='ocrx_word' id='word_1_68' title='bbox 433 1429 495 1488; x_wconf 85' lang='grc' dir='ltr'><strong><em>τοῦ</em></strong></span> <span class='ocrx_word' id='word_1_69' title='bbox 514 1421 638 1489; x_wconf 83' lang='grc' dir='ltr'><strong><em>τούτου</em></strong></span> <span class='ocrx_word' id='word_1_70' title='bbox 655 1416 780 1503; x_wconf 87' lang='grc' dir='ltr'><strong><em>πατρὸς</em></strong></span> <span class='ocrx_word' id='word_1_71' title='bbox 798 1416 958 1504; x_wconf 77' lang='grc' dir='ltr'><strong><em>ἀδελφιδῆ</em></strong></span> <span class='ocrx_word' id='word_1_72' title='bbox 976 1410 1021 1503; x_wconf 84' lang='grc' dir='ltr'><strong><em>ήν</em></strong></span> <span class='ocrx_word' id='word_1_73' title='bbox 1036 1424 1084 1506; x_wconf 75' lang='grc' dir='ltr'><strong><em>τῷ</em></strong></span> <span class='ocrx_word' id='word_1_74' title='bbox 1105 1415 1258 1506; x_wconf 83' lang='grc' dir='ltr'><strong><em>Ἀρχιάδη</em></strong></span> 
     </span>
     <span class='ocr_line' id='line_1_11' title="bbox 207 1513 1258 1620; baseline -0.007 -31"><span class='ocrx_word' id='word_1_75' title='bbox 207 1537 218 1543; x_wconf 76' lang='grc'><strong>“</strong></span> <span class='ocrx_word' id='word_1_76' title='bbox 311 1525 379 1620; x_wconf 70' lang='grc' dir='ltr'><strong><em>ξκεί</em></strong></span> <span class='ocrx_word' id='word_1_77' title='bbox 364 1527 424 1588; x_wconf 90' lang='grc' dir='ltr'><strong><em>ίνω</em></strong></span> <span class='ocrx_word' id='word_1_78' title='bbox 436 1524 545 1607; x_wconf 74' lang='grc' dir='ltr'><strong><em>καίτοι</em></strong></span> <span class='ocrx_word' id='word_1_79' title='bbox 531 1516 785 1607; x_wconf 83' lang='grc' dir='ltr'><strong><em>Μειδυλίδη,’</em></strong></span> <span class='ocrx_word' id='word_1_80' title='bbox 766 1514 821 1602; x_wconf 85' lang='grc' dir='ltr'><strong><em>αφ’</em></strong></span> <span class='ocrx_word' id='word_1_81' title='bbox 831 1543 879 1584; x_wconf 92' lang='grc' dir='ltr'><strong><em>ων</em></strong></span> <span class='ocrx_word' id='word_1_82' title='bbox 889 1514 981 1602; x_wconf 82' lang='grc' dir='ltr'><strong><em>ἡμεῖς</em></strong></span> <span class='ocrx_word' id='word_1_83' title='bbox 994 1513 1088 1593; x_wconf 86' lang='grc' dir='ltr'><strong><em>όντες</em></strong></span> <span class='ocrx_word' id='word_1_84' title='bbox 1099 1514 1258 1601; x_wconf 81' lang='grc' dir='ltr'><strong><em>ἀξιοῦμεν</em></strong></span> 
     </span>
     <span class='ocr_line' id='line_1_12' title="bbox 309 1629 726 1712; baseline -0.007 -24"><span class='ocrx_word' id='word_1_85' title='bbox 309 1629 368 1712; x_wconf 87' lang='grc' dir='ltr'><strong><em>τής</em></strong></span> <span class='ocrx_word' id='word_1_86' title='bbox 379 1629 598 1706; x_wconf 89' lang='grc' dir='ltr'><strong><em>κληρονομιας</em></strong></span> <span class='ocrx_word' id='word_1_87' title='bbox 608 1633 726 1704; x_wconf 75' lang='grc' dir='ltr'><strong><em>τυχεῖν</em></strong></span> 
     </span>
     <span class='ocr_line' id='line_1_13' title="bbox 268 1709 1258 1801; baseline -0.007 -14"><span class='ocrx_word' id='word_1_88' title='bbox 268 1739 303 1789; x_wconf 81' lang='lat'><strong><em>14</em></strong></span> <span class='ocrx_word' id='word_1_89' title='bbox 393 1725 535 1797; x_wconf 88' lang='grc' dir='ltr'><strong><em>Προῖτον</em></strong></span> <span class='ocrx_word' id='word_1_90' title='bbox 551 1709 670 1801; x_wconf 74' lang='grc' dir='ltr'><strong><em>μέν</em></strong></span> <span class='ocrx_word' id='word_1_91' title='bbox 629 1742 710 1801; x_wconf 90' lang='grc' dir='ltr'><strong><em>ουν,</em></strong></span> <span class='ocrx_word' id='word_1_92' title='bbox 733 1743 758 1782; x_wconf 88' lang='grc' dir='ltr'><strong><em>ω</em></strong></span> <span class='ocrx_word' id='word_1_93' title='bbox 747 1709 895 1798; x_wconf 87' lang='grc' dir='ltr'><strong><em>ἀνδρες</em></strong></span> <span class='ocrx_word' id='word_1_94' title='bbox 913 1715 1078 1798; x_wconf 80' lang='grc' dir='ltr'><strong><em>δικασταὶ,</em></strong></span> <span class='ocrx_word' id='word_1_95' title='bbox 1101 1712 1139 1779; x_wconf 86' lang='grc' dir='ltr'><strong><em>τό</em></strong></span> <span class='ocrx_word' id='word_1_96' title='bbox 1159 1715 1258 1798; x_wconf 90' lang='grc' dir='ltr'><strong><em>γένος</em></strong></span> 
     </span>
     <span class='ocr_line' id='line_1_14' title="bbox 309 1809 1257 1931; baseline 0 -51"><span class='ocrx_word' id='word_1_97' title='bbox 309 1812 405 1903; x_wconf 84' lang='grc' dir='ltr'><strong><em>ήμοῖυ</em></strong></span> <span class='ocrx_word' id='word_1_98' title='bbox 419 1812 470 1880; x_wconf 86' lang='grc' dir='ltr'><strong><em>ότι</em></strong></span> <span class='ocrx_word' id='word_1_99' title='bbox 489 1811 594 1931; x_wconf 80' lang='grc' dir='ltr'><strong><em>ρότως</em></strong></span> <span class='ocrx_word' id='word_1_100' title='bbox 605 1811 724 1898; x_wconf 80' lang='grc' dir='ltr'><strong><em>έχοι,“</em></strong></span> <span class='ocrx_word' id='word_1_101' title='bbox 697 1832 807 1897; x_wconf 88' lang='grc' dir='ltr'><strong><em>ωσπερ</em></strong></span> <span class='ocrx_word' id='word_1_102' title='bbox 820 1839 875 1879; x_wconf 89' lang='grc' dir='ltr'><strong><em>και</em></strong></span> <span class='ocrx_word' id='word_1_103' title='bbox 864 1814 1042 1897; x_wconf 84' lang='grc' dir='ltr'><strong><em>λέγομεν,</em></strong></span> <span class='ocrx_word' id='word_1_104' title='bbox 1063 1809 1257 1896; x_wconf 80' lang='grc' dir='ltr'><strong><em>ἀναγνώσε-</em></strong></span> 
     </span>
     <span class='ocr_line' id='line_1_15' title="bbox 239 1908 1257 1996; baseline 0 -17"><span class='ocrx_word' id='word_1_105' title='bbox 239 1911 241 1915; x_wconf 65' lang='grc'><strong>’</strong></span> <span class='ocrx_word' id='word_1_106' title='bbox 309 1937 362 1979; x_wconf 92' lang='grc' dir='ltr'><strong><em>ται</em></strong></span> <span class='ocrx_word' id='word_1_107' title='bbox 372 1908 452 1995; x_wconf 79' lang='grc' dir='ltr'><strong><em>ὑμῖν</em></strong></span> <span class='ocrx_word' id='word_1_108' title='bbox 462 1909 521 1988; x_wconf 73' lang='grc' dir='ltr'><strong><em>τοῖς</em></strong></span> <span class='ocrx_word' id='word_1_109' title='bbox 532 1919 729 1996; x_wconf 85' lang='grc' dir='ltr'><strong><em>μαρτυρίας,</em></strong></span> <span class='ocrx_word' id='word_1_110' title='bbox 748 1916 859 1978; x_wconf 81' lang='grc' dir='ltr'><strong><em>ἔπειτα</em></strong></span> <span class='ocrx_word' id='word_1_111' title='bbox 872 1909 954 1996; x_wconf 78' lang='grc' dir='ltr'><strong><em>μετὰ</em></strong></span> <span class='ocrx_word' id='word_1_112' title='bbox 964 1919 1068 1979; x_wconf 84' lang='grc' dir='ltr'><strong><em>ταῦτα</em></strong></span> <span class='ocrx_word' id='word_1_113' title='bbox 1078 1937 1139 1979; x_wconf 92' lang='grc' dir='ltr'><strong><em>τον</em></strong></span> <span class='ocrx_word' id='word_1_114' title='bbox 1148 1937 1257 1996; x_wconf 88' lang='grc' dir='ltr'><strong><em>νυμον</em></strong></span> 
     </span>
     <span class='ocr_line' id='line_1_16' title="bbox 220 2006 1258 2096; baseline 0 -18"><span class='ocrx_word' id='word_1_115' title='bbox 220 2033 224 2038; x_wconf 80' lang='grc'><strong><em>’</em></strong></span> <span class='ocrx_word' id='word_1_116' title='bbox 310 2007 415 2078; x_wconf 80' lang='grc' dir='ltr'><strong><em>αὐτὸν</em></strong></span> <span class='ocrx_word' id='word_1_117' title='bbox 432 2006 493 2077; x_wconf 86' lang='grc' dir='ltr'><strong><em>τόν</em></strong></span> <span class='ocrx_word' id='word_1_118' title='bbox 508 2019 576 2086; x_wconf 73' lang='grc' dir='ltr'><strong><em>τοῖς</em></strong></span> <span class='ocrx_word' id='word_1_119' title='bbox 592 2034 627 2074; x_wconf 89' lang='grc' dir='ltr'><strong><em>τε</em></strong></span> <span class='ocrx_word' id='word_1_120' title='bbox 643 2012 753 2092; x_wconf 81' lang='grc' dir='ltr'><strong><em>γένεσι</em></strong></span> <span class='ocrx_word' id='word_1_121' title='bbox 767 2012 823 2076; x_wconf 75' lang='grc' dir='ltr'><strong><em>καὶ</em></strong></span> <span class='ocrx_word' id='word_1_122' title='bbox 839 2024 906 2087; x_wconf 83' lang='grc' dir='ltr'><strong><em>τοῖς</em></strong></span> <span class='ocrx_word' id='word_1_123' title='bbox 917 2009 1083 2095; x_wconf 78' lang='grc' dir='ltr'><strong><em>ἐγγυτάτω</em></strong></span> <span class='ocrx_word' id='word_1_124' title='bbox 1101 2009 1258 2096; x_wconf 86' lang='grc' dir='ltr'><strong><em>πρὸςάν-</em></strong></span> 
     </span>
     <span class='ocr_line' id='line_1_17' title="bbox 310 2105 1257 2232; baseline 0.001 -56"><span class='ocrx_word' id='word_1_125' title='bbox 310 2113 400 2197; x_wconf 87' lang='grc' dir='ltr'><strong><em>δροῖν</em></strong></span> <span class='ocrx_word' id='word_1_126' title='bbox 411 2105 468 2185; x_wconf 87' lang='grc' dir='ltr'><strong><em>τάς</em></strong></span> <span class='ocrx_word' id='word_1_127' title='bbox 487 2112 707 2232; x_wconf 72' lang='grc' dir='ltr'><strong><em>κληρονομίας</em></strong></span> <span class='ocrx_word' id='word_1_128' title='bbox 719 2105 936 2175; x_wconf 79' lang='grc' dir='ltr'><strong><em>ἀποδιδόντα·</em></strong></span> <span class='ocrx_word' id='word_1_129' title='bbox 956 2105 995 2174; x_wconf 88' lang='grc' dir='ltr'><strong><em>τά</em></strong></span> <span class='ocrx_word' id='word_1_130' title='bbox 1013 2105 1077 2194; x_wconf 80' lang='grc' dir='ltr'><strong><em>γὰρ</em></strong></span> <span class='ocrx_word' id='word_1_131' title='bbox 1092 2109 1257 2194; x_wconf 78' lang='grc' dir='ltr'><strong><em>κεφάλαια</em></strong></span> 
     </span>
     <span class='ocr_line' id='line_1_18' title="bbox 309 2197 1331 2295; baseline -0.001 -21"><span class='ocrx_word' id='word_1_132' title='bbox 309 2232 370 2274; x_wconf 89' lang='grc' dir='ltr'><strong><em>του</em></strong></span> <span class='ocrx_word' id='word_1_133' title='bbox 377 2230 516 2291; x_wconf 89' lang='grc' dir='ltr'><strong><em>αγωνος,</em></strong></span> <span class='ocrx_word' id='word_1_134' title='bbox 524 2203 604 2272; x_wconf 82' lang='grc' dir='ltr'><strong><em>καὶ</em></strong></span> <span class='ocrx_word' id='word_1_135' title='bbox 587 2206 671 2292; x_wconf 88' lang='grc' dir='ltr'><strong><em>νπερ</em></strong></span> <span class='ocrx_word' id='word_1_136' title='bbox 679 2197 1255 2295; x_wconf 78' lang='grc' dir='ltr'><strong><em>ωνομωμοκοτεςοίσετετηνμηφον,</em></strong></span> <span class='ocrx_word' id='word_1_137' title='bbox 1266 2215 1331 2274; x_wconf 78' lang='lat'>1085</span> 
     </span>
     <span class='ocr_line' id='line_1_19' title="bbox 311 2302 1255 2393; baseline 0.003 -21"><span class='ocrx_word' id='word_1_138' title='bbox 311 2306 429 2391; x_wconf 85' lang='grc' dir='ltr'><strong><em>σχεδόν</em></strong></span> <span class='ocrx_word' id='word_1_139' title='bbox 439 2332 470 2373; x_wconf 91' lang='grc' dir='ltr'><strong><em>τι</em></strong></span> <span class='ocrx_word' id='word_1_140' title='bbox 480 2313 562 2374; x_wconf 85' lang='grc' dir='ltr'><strong><em>ταῦτ</em></strong></span> <span class='ocrx_word' id='word_1_141' title='bbox 560 2302 680 2374; x_wconf 78' lang='grc' dir='ltr'><strong><em>’.ἔστιν</em></strong></span> <span class='ocrx_word' id='word_1_142' title='bbox 709 2312 768 2372; x_wconf 90' lang='grc' dir='ltr'><strong><em>καί</em></strong></span> <span class='ocrx_word' id='word_1_143' title='bbox 777 2332 833 2392; x_wconf 89' lang='grc' dir='ltr'><strong><em>μοι</em></strong></span> <span class='ocrx_word' id='word_1_144' title='bbox 843 2306 936 2373; x_wconf 90' lang='grc' dir='ltr'><strong><em>κάλει</em></strong></span> <span class='ocrx_word' id='word_1_145' title='bbox 946 2305 1024 2385; x_wconf 80' lang='grc' dir='ltr'><strong><em>τούς</em></strong></span> <span class='ocrx_word' id='word_1_146' title='bbox 1038 2332 1073 2374; x_wconf 89' lang='grc' dir='ltr'><strong><em>τε</em></strong></span> <span class='ocrx_word' id='word_1_147' title='bbox 1085 2307 1255 2393; x_wconf 89' lang='grc' dir='ltr'><strong><em>μάρτυρας</em></strong></span> 
     </span>
     <span class='ocr_line' id='line_1_20' title="bbox 310 2402 908 2490; baseline 0.002 -19"><span class='ocrx_word' id='word_1_148' title='bbox 310 2407 403 2490; x_wconf 80' lang='grc' dir='ltr'><strong><em>δευρὶ</em></strong></span> <span class='ocrx_word' id='word_1_149' title='bbox 415 2404 516 2474; x_wconf 81' lang='grc' dir='ltr'><strong><em>καὶ</em></strong></span> <span class='ocrx_word' id='word_1_150' title='bbox 482 2431 542 2473; x_wconf 91' lang='grc' dir='ltr'><strong><em>τον</em></strong></span> <span class='ocrx_word' id='word_1_151' title='bbox 553 2404 660 2490; x_wconf 89' lang='grc' dir='ltr'><strong><em>νόμον</em></strong></span> <span class='ocrx_word' id='word_1_152' title='bbox 670 2402 908 2490; x_wconf 82' lang='grc' dir='ltr'><strong><em>ἀναγίγνωσκε.</em></strong></span> 
     </span>
     <span class='ocr_line' id='line_1_21' title="bbox 439 2509 1007 2572; baseline 0.004 -2"><span class='ocrx_word' id='word_1_153' title='bbox 439 2553 440 2556; x_wconf 56' lang='lat'><em>=</em></span> <span class='ocrx_word' id='word_1_154' title='bbox 553 2509 802 2572; x_wconf 75' lang='grc' dir='ltr'><strong><em>ΜΑΡΤΥΡΕΣ.</em></strong></span> <span class='ocrx_word' id='word_1_155' title='bbox 832 2510 1007 2572; x_wconf 89' lang='grc' dir='ltr'><strong><em>ΝΟΜΟΣ.</em></strong></span> 
     </span>
    </p>

    <p class='ocr_par' dir='ltr' id='par_1_3' title="bbox 245 2599 1257 3283">
     <span class='ocr_line' id='line_1_22' title="bbox 245 2599 1255 2688; baseline 0.009 -22"><span class='ocrx_word' id='word_1_156' title='bbox 245 2635 247 2641; x_wconf 57' lang='grc'><strong>’</strong></span> <span class='ocrx_word' id='word_1_157' title='bbox 268 2614 302 2668; x_wconf 82' lang='lat'><strong><em>15</em></strong></span> <span class='ocrx_word' id='word_1_158' title='bbox 396 2601 443 2670; x_wconf 89' lang='grc' dir='ltr'><strong><em>Τά</em></strong></span> <span class='ocrx_word' id='word_1_159' title='bbox 456 2605 642 2688; x_wconf 79' lang='grc' dir='ltr'><strong><em>μὲντοίννν</em></strong></span> <span class='ocrx_word' id='word_1_160' title='bbox 653 2599 777 2687; x_wconf 80' lang='grc' dir='ltr'><strong><em>περὶ</em></strong></span> <span class='ocrx_word' id='word_1_161' title='bbox 742 2629 779 2670; x_wconf 92' lang='grc' dir='ltr'><strong><em>το</em></strong></span> <span class='ocrx_word' id='word_1_162' title='bbox 799 2607 895 2687; x_wconf 89' lang='grc' dir='ltr'><strong><em>γένος</em></strong></span> <span class='ocrx_word' id='word_1_163' title='bbox 911 2603 949 2671; x_wconf 91' lang='grc' dir='ltr'><strong><em>τό</em></strong></span> <span class='ocrx_word' id='word_1_164' title='bbox 959 2629 995 2670; x_wconf 90' lang='grc' dir='ltr'><strong><em>τε</em></strong></span> <span class='ocrx_word' id='word_1_165' title='bbox 1008 2605 1135 2673; x_wconf 84' lang='grc' dir='ltr'><strong><em>τούτων</em></strong></span> <span class='ocrx_word' id='word_1_166' title='bbox 1150 2608 1206 2675; x_wconf 83' lang='grc' dir='ltr'><strong><em>καὶ</em></strong></span> <span class='ocrx_word' id='word_1_167' title='bbox 1216 2606 1255 2676; x_wconf 84' lang='grc' dir='ltr'><strong><em>τό</em></strong></span> 
     </span>
     <span class='ocr_line' id='line_1_23' title="bbox 308 2692 1256 2789; baseline 0.006 -23"><span class='ocrx_word' id='word_1_168' title='bbox 308 2697 467 2787; x_wconf 87' lang='grc' dir='ltr'><strong><em>ήμέτερον</em></strong></span> <span class='ocrx_word' id='word_1_169' title='bbox 485 2696 591 2776; x_wconf 81' lang='grc' dir='ltr'><strong><em>οὕτως</em></strong></span> <span class='ocrx_word' id='word_1_170' title='bbox 606 2705 686 2785; x_wconf 80' lang='grc' dir='ltr'><strong><em>ἔχει,</em></strong></span> <span class='ocrx_word' id='word_1_171' title='bbox 708 2692 735 2766; x_wconf 82' lang='grc' dir='ltr'><strong><em>οῖ</em></strong></span> <span class='ocrx_word' id='word_1_172' title='bbox 751 2699 871 2786; x_wconf 85' lang='grc' dir='ltr'><strong><em>ἀνδρες</em></strong></span> <span class='ocrx_word' id='word_1_173' title='bbox 889 2705 1056 2789; x_wconf 82' lang='grc' dir='ltr'><strong><em>δικασταὶ,</em></strong></span> <span class='ocrx_word' id='word_1_174' title='bbox 1082 2702 1256 2786; x_wconf 77' lang='grc' dir='ltr'><strong><em>οῖστετοιῖς</em></strong></span> 
     </span>
     <span class='ocr_line' id='line_1_24' title="bbox 309 2798 1255 2889; baseline 0.006 -23"><span class='ocrx_word' id='word_1_175' title='bbox 309 2798 544 2882; x_wconf 80' lang='grc' dir='ltr'><strong><em>ἐπιδεδειχότας</em></strong></span> <span class='ocrx_word' id='word_1_176' title='bbox 560 2801 592 2877; x_wconf 79' lang='grc' dir='ltr'><strong><em>ἐξ</em></strong></span> <span class='ocrx_word' id='word_1_177' title='bbox 610 2798 807 2864; x_wconf 73' lang='grc' dir='ltr'><strong><em>αὐτῶντῶν</em></strong></span> <span class='ocrx_word' id='word_1_178' title='bbox 826 2809 1017 2885; x_wconf 88' lang='grc' dir='ltr'><strong><em>μαρτυριοῖν</em></strong></span> <span class='ocrx_word' id='word_1_179' title='bbox 1035 2801 1078 2882; x_wconf 77' lang='grc' dir='ltr'><strong><em>οῖς</em></strong></span> <span class='ocrx_word' id='word_1_180' title='bbox 1094 2807 1155 2873; x_wconf 78' lang='grc' dir='ltr'><strong><em>είσὶ</em></strong></span> <span class='ocrx_word' id='word_1_181' title='bbox 1165 2810 1255 2889; x_wconf 91' lang='grc' dir='ltr'><strong><em>γένει</em></strong></span> 
     </span>
     <span class='ocr_line' id='line_1_25' title="bbox 309 2897 1257 2988; baseline 0.004 -22"><span class='ocrx_word' id='word_1_182' title='bbox 309 2899 472 2984; x_wconf 76' lang='grc' dir='ltr'><strong><em>ἐγγυτέρω</em></strong></span> <span class='ocrx_word' id='word_1_183' title='bbox 485 2897 644 2984; x_wconf 87' lang='grc' dir='ltr'><strong><em>προσήκει</em></strong></span> <span class='ocrx_word' id='word_1_184' title='bbox 658 2905 894 2984; x_wconf 83' lang='grc' dir='ltr'><strong><em>κληρονομεῖν,</em></strong></span> <span class='ocrx_word' id='word_1_185' title='bbox 912 2901 966 2968; x_wconf 83' lang='grc' dir='ltr'><strong><em>καὶ</em></strong></span> <span class='ocrx_word' id='word_1_186' title='bbox 982 2904 1026 2987; x_wconf 86' lang='grc' dir='ltr'><strong><em>μή</em></strong></span> <span class='ocrx_word' id='word_1_187' title='bbox 1037 2904 1099 2988; x_wconf 85' lang='grc' dir='ltr'><strong><em>τήν</em></strong></span> <span class='ocrx_word' id='word_1_188' title='bbox 1109 2910 1170 2970; x_wconf 86' lang='grc' dir='ltr'><strong><em>τοῦ</em></strong></span> <span class='ocrx_word' id='word_1_189' title='bbox 1182 2908 1257 2973; x_wconf 89' lang='grc' dir='ltr'><strong><em>δια-</em></strong></span> 
     </span>
     <span class='ocr_line' id='line_1_26' title="bbox 309 2996 1256 3085; baseline 0.007 -22"><span class='ocrx_word' id='word_1_190' title='bbox 309 2996 579 3084; x_wconf 80' lang='grc' dir='ltr'><strong><em>μαρτυρήσαντος</em></strong></span> <span class='ocrx_word' id='word_1_191' title='bbox 595 2996 759 3066; x_wconf 82' lang='grc' dir='ltr'><strong><em>ἀπόνοιαν</em></strong></span> <span class='ocrx_word' id='word_1_192' title='bbox 774 3004 911 3083; x_wconf 87' lang='grc' dir='ltr'><strong><em>κρείττω</em></strong></span> <span class='ocrx_word' id='word_1_193' title='bbox 927 3008 996 3067; x_wconf 91' lang='grc' dir='ltr'><strong><em>τοῖν</em></strong></span> <span class='ocrx_word' id='word_1_194' title='bbox 1013 2999 1182 3085; x_wconf 80' lang='grc' dir='ltr'><strong><em>ὑμετέρων</em></strong></span> <span class='ocrx_word' id='word_1_195' title='bbox 1194 3028 1256 3069; x_wconf 88' lang='grc' dir='ltr'><strong><em>νο-</em></strong></span> 
     </span>
     <span class='ocr_line' id='line_1_27' title="bbox 309 3094 1255 3186; baseline 0.006 -24"><span class='ocrx_word' id='word_1_196' title='bbox 309 3102 417 3180; x_wconf 87' lang='grc' dir='ltr'><strong><em>μίμων</em></strong></span> <span class='ocrx_word' id='word_1_197' title='bbox 433 3098 600 3180; x_wconf 75' lang='grc' dir='ltr'><strong><em>γενέσθαι.</em></strong></span> <span class='ocrx_word' id='word_1_198' title='bbox 632 3097 687 3163; x_wconf 83' lang='grc' dir='ltr'><strong><em>καὶ</em></strong></span> <span class='ocrx_word' id='word_1_199' title='bbox 703 3094 767 3182; x_wconf 83' lang='grc' dir='ltr'><strong><em>γάρ</em></strong></span> <span class='ocrx_word' id='word_1_200' title='bbox 787 3103 818 3164; x_wconf 86' lang='grc' dir='ltr'><strong><em>εί</em></strong></span> <span class='ocrx_word' id='word_1_201' title='bbox 831 3105 872 3186; x_wconf 77' lang='grc' dir='ltr'><strong><em>τῇ</em></strong></span> <span class='ocrx_word' id='word_1_202' title='bbox 885 3099 1014 3184; x_wconf 85' lang='grc' dir='ltr'><strong><em>ποιήσει</em></strong></span> <span class='ocrx_word' id='word_1_203' title='bbox 1025 3105 1255 3186; x_wconf 65' lang='grc' dir='ltr'><strong><em>ίσχυριζονται,</em></strong></span> 
     </span>
     <span class='ocr_line' id='line_1_28' title="bbox 306 3189 1256 3283; baseline 0.008 -24"><span class='ocrx_word' id='word_1_204' title='bbox 306 3189 350 3278; x_wconf 85' lang='grc' dir='ltr'><strong><em>ήν</em></strong></span> <span class='ocrx_word' id='word_1_205' title='bbox 366 3191 410 3271; x_wconf 84' lang='grc' dir='ltr'><strong><em>οῖς</em></strong></span> <span class='ocrx_word' id='word_1_206' title='bbox 423 3197 550 3279; x_wconf 83' lang='grc' dir='ltr'><strong><em>ἐγένετο</em></strong></span> <span class='ocrx_word' id='word_1_207' title='bbox 562 3192 653 3281; x_wconf 83' lang='grc' dir='ltr'><strong><em>ἡμεῖς</em></strong></span> <span class='ocrx_word' id='word_1_208' title='bbox 665 3198 823 3282; x_wconf 81' lang='grc' dir='ltr'><strong><em>δείξομεν,</em></strong></span> <span class='ocrx_word' id='word_1_209' title='bbox 835 3199 1100 3283; x_wconf 88' lang='grc' dir='ltr'><strong><em>τετελευτηκότος</em></strong></span> <span class='ocrx_word' id='word_1_210' title='bbox 1113 3208 1175 3267; x_wconf 82' lang='grc' dir='ltr'><strong><em>τοῦ</em></strong></span> <span class='ocrx_word' id='word_1_211' title='bbox 1186 3206 1256 3267; x_wconf 48' lang='grc' dir='ltr'><strong><em>εἰσι</em></strong></span> 
     </span>
    </p>

    <p class='ocr_par' dir='ltr' id='par_1_4' title="bbox 226 3292 1256 3384">
     <span class='ocr_line' id='line_1_29' title="bbox 226 3292 1256 3384; baseline 0.011 -29"><span class='ocrx_word' id='word_1_212' title='bbox 226 3362 235 3384; x_wconf 29' lang='lat' dir='ltr'><em>t</em></span> <span class='ocrx_word' id='word_1_213' title='bbox 308 3296 504 3374; x_wconf 76' lang='grc' dir='ltr'><strong><em>ποιηθέντος</em></strong></span> <span class='ocrx_word' id='word_1_214' title='bbox 527 3293 636 3378; x_wconf 80' lang='grc' dir='ltr'><strong><em>δήπου</em></strong></span> <span class='ocrx_word' id='word_1_215' title='bbox 659 3292 800 3374; x_wconf 88' lang='grc' dir='ltr'><strong><em>ἀπαιδος</em></strong></span> <span class='ocrx_word' id='word_1_216' title='bbox 820 3298 875 3364; x_wconf 82' lang='grc' dir='ltr'><strong><em>καὶ</em></strong></span> <span class='ocrx_word' id='word_1_217' title='bbox 897 3305 959 3363; x_wconf 85' lang='grc' dir='ltr'><strong><em>τοῦ</em></strong></span> <span class='ocrx_word' id='word_1_218' title='bbox 975 3306 1071 3365; x_wconf 75' lang='grc' dir='ltr'><strong><em>οἴκου</em></strong></span> <span class='ocrx_word' id='word_1_219' title='bbox 1088 3302 1181 3384; x_wconf 89' lang='grc' dir='ltr'><strong><em>μέχρι</em></strong></span> <span class='ocrx_word' id='word_1_220' title='bbox 1197 3306 1256 3384; x_wconf 88' lang='grc' dir='ltr'><strong><em>τής</em></strong></span> 
     </span>
    </p>

    <p class='ocr_par' dir='ltr' id='par_1_5' title="bbox 244 3387 1258 3777">
     <span class='ocr_line' id='line_1_30' title="bbox 244 3387 1256 3483; baseline 0.01 -30"><span class='ocrx_word' id='word_1_221' title='bbox 244 3440 247 3453; x_wconf 72' lang='grc'><strong><em>,</em></strong></span> <span class='ocrx_word' id='word_1_222' title='bbox 308 3387 465 3479; x_wconf 80' lang='grc' dir='ltr'><strong><em>ἡμετέρας</em></strong></span> <span class='ocrx_word' id='word_1_223' title='bbox 474 3389 595 3475; x_wconf 85' lang='grc' dir='ltr'><strong><em>λήξεως</em></strong></span> <span class='ocrx_word' id='word_1_224' title='bbox 605 3394 868 3480; x_wconf 83' lang='grc' dir='ltr'><strong><em>ἐξηρημωμένου,</em></strong></span> <span class='ocrx_word' id='word_1_225' title='bbox 877 3402 947 3473; x_wconf 81' lang='grc' dir='ltr'><strong><em>ποῖς</em></strong></span> <span class='ocrx_word' id='word_1_226' title='bbox 958 3392 999 3462; x_wconf 88' lang='lat'><strong><em>06</em></strong></span> <span class='ocrx_word' id='word_1_227' title='bbox 1011 3397 1256 3483; x_wconf 81' lang='grc' dir='ltr'><strong><em>προσήκειτοάς</em></strong></span> 
     </span>
     <span class='ocr_line' id='line_1_31' title="bbox 307 3487 1257 3581; baseline 0.007 -26"><span class='ocrx_word' id='word_1_228' title='bbox 307 3487 473 3573; x_wconf 84' lang='grc' dir='ltr'><strong><em>έγγυιάτοι</em></strong></span> <span class='ocrx_word' id='word_1_229' title='bbox 483 3490 571 3572; x_wconf 89' lang='grc' dir='ltr'><strong><em>γένει</em></strong></span> <span class='ocrx_word' id='word_1_230' title='bbox 581 3490 689 3578; x_wconf 86' lang='grc' dir='ltr'><strong><em>όντας,</em></strong></span> <span class='ocrx_word' id='word_1_231' title='bbox 701 3492 841 3571; x_wconf 82' lang='grc' dir='ltr'><strong><em>τούτους</em></strong></span> <span class='ocrx_word' id='word_1_232' title='bbox 850 3491 911 3578; x_wconf 84' lang='grc' dir='ltr'><strong><em>τήν</em></strong></span> <span class='ocrx_word' id='word_1_233' title='bbox 925 3501 1150 3580; x_wconf 87' lang='grc' dir='ltr'><strong><em>κληρονομίαν</em></strong></span> <span class='ocrx_word' id='word_1_234' title='bbox 1159 3502 1257 3581; x_wconf 88' lang='grc' dir='ltr'><strong><em>κομί-</em></strong></span> 
     </span>
     <span class='ocr_line' id='line_1_32' title="bbox 308 3587 1257 3679; baseline 0.008 -26"><span class='ocrx_word' id='word_1_235' title='bbox 308 3597 446 3670; x_wconf 81' lang='grc' dir='ltr'><strong><em>σασθαι,</em></strong></span> <span class='ocrx_word' id='word_1_236' title='bbox 470 3589 524 3655; x_wconf 86' lang='grc' dir='ltr'><strong><em>καὶ</em></strong></span> <span class='ocrx_word' id='word_1_237' title='bbox 544 3587 631 3675; x_wconf 80' lang='grc' dir='ltr'><strong><em>ὑμᾶς</em></strong></span> <span class='ocrx_word' id='word_1_238' title='bbox 647 3590 691 3679; x_wconf 88' lang='grc' dir='ltr'><strong><em>μή</em></strong></span> <span class='ocrx_word' id='word_1_239' title='bbox 709 3608 777 3670; x_wconf 73' lang='grc' dir='ltr'><strong><em>τοῖς</em></strong></span> <span class='ocrx_word' id='word_1_240' title='bbox 795 3594 992 3676; x_wconf 86' lang='grc' dir='ltr'><strong><em>δυναμένοις</em></strong></span> <span class='ocrx_word' id='word_1_241' title='bbox 1013 3592 1130 3678; x_wconf 86' lang='grc' dir='ltr'><strong><em>ἀριστα</em></strong></span> <span class='ocrx_word' id='word_1_242' title='bbox 1147 3618 1257 3679; x_wconf 86' lang='grc' dir='ltr'><strong><em>παρα-</em></strong></span> 
     </span>
     <span class='ocr_line' id='line_1_33' title="bbox 306 3686 1258 3777; baseline 0.007 -25"><span class='ocrx_word' id='word_1_243' title='bbox 306 3686 553 3773; x_wconf 72' lang='grc' dir='ltr'><strong><em>σκευάσασθαι,</em></strong></span> <span class='ocrx_word' id='word_1_244' title='bbox 578 3688 661 3758; x_wconf 87' lang='grc' dir='ltr'><strong><em>ἀλλά</em></strong></span> <span class='ocrx_word' id='word_1_245' title='bbox 682 3705 750 3770; x_wconf 72' lang='grc' dir='ltr'><strong><em>τοῖς</em></strong></span> <span class='ocrx_word' id='word_1_246' title='bbox 773 3689 1001 3777; x_wconf 86' lang='grc' dir='ltr'><strong><em>ἀδικουμένοις</em></strong></span> <span class='ocrx_word' id='word_1_247' title='bbox 1023 3700 1091 3759; x_wconf 86' lang='grc' dir='ltr'><strong><em>τοῖν</em></strong></span> <span class='ocrx_word' id='word_1_248' title='bbox 1112 3698 1258 3760; x_wconf 86' lang='grc' dir='ltr'><strong><em>πολιτοῖν</em></strong></span> 
     </span>
    </p>
   </div>
   <div class='ocr_carea' id='block_1_3' title="bbox 0 0 1584 4409">
    <p class='ocr_par' dir='ltr' id='par_1_6' title="bbox 0 0 1584 4409">
     <span class='ocr_line' id='line_1_34' title="bbox 0 0 1584 4409; baseline 0 0"><span class='ocrx_word' id='word_1_249' title='bbox 0 0 1584 4409; x_wconf 95' lang='lat' dir='ltr'><strong><em> </em></strong></span> 
     </span>
    </p>
   </div>
  </div>
 </body>
</html>
