3159 4409
562 461 705 546 RATA
730 484 978 546 ΝιιΑιΡΑΣ.
1183 485 1246 549 305

252 667 286 722 95
295 651 364 724 τίας
381 651 518 731 ἔχοντες.
552 645 651 710 πάλιν
663 644 697 712 δέ
708 645 833 729 Ξέρξου
845 645 954 724 ἰόντος
965 649 1016 713 ἐπὶ
1027 643 1242 732 τὴνἙλλάδα,

295 751 452 831 Θηβαίων
468 743 695 830 μηδισάντων,
717 741 780 810 οὐκ
798 743 983 829 ἐτόλμησαν
993 743 1176 830 ἀποστῆναι
1186 753 1244 831 τῆς

293 841 453 928 ὑμετέρας
472 848 597 927 φιλίας,
618 839 700 909 ἀλλὰ
719 841 817 927 μόνοι
835 849 902 908 των
920 839 1034 910 ἄλλων
1043 851 1199 912 Βοιωτῶν
1210 849 1245 912 οί

293 941 354 1027 μέν
293 938 506 1060 μὴμίσεις
510 935 623 1006 αὐτῶν
632 963 713 1024 μετα
701 936 996 1024 Λακεδαιμονίων
1006 943 1062 1009 καί
1071 945 1242 1010 Λεωνίδου

292 1043 331 1106 ἐν
349 1038 578 1124 Θερμοπυλαις
593 1037 857 1124 παραταξάμενοι
873 1063 919 1126 τω
905 1039 1095 1129 βαρβάρῳ
1116 1041 1242 1108 ἐπιόντι

292 1135 604 1222 συναπώλοντο,οί
619 1134 779 1205 λοιποί
790 1136 948 1222 ἐμβαντες
960 1135 1052 1216 είς
1015 1163 1074 1216 τας
1083 1135 1243 1223 υμετέρας

291 1234 442 1323 τριήρεις,
454 1235 565 1320 ἐπειδὴ
579 1230 691 1312 αὐτοῖς
702 1240 806 1302 οίκεῖα
818 1233 929 1319 σκάφη
939 1232 1000 1319 οὐχ
1008 1234 1145 1322 ὑπῆρχε,
1158 1255 1243 1302 συν-

292 1334 502 1419 εναυμάχουν
518 1331 598 1418 ὑμῖν
614 1335 670 1401 ἐπί
683 1359 718 1400 τε
732 1331 920 1423 Ἀρτεμισίῳ
937 1336 992 1401 καί
1013 1335 1051 1400 ἐν
1067 1341 1240 1420 Σαλαμῖνι.

249 1445 282 1499 96
291 1435 345 1501 καί
354 1429 417 1518 τὴν
426 1440 617 1499 τελευταίαν
628 1431 923 1519 μάχηνΠλαταιοῖσι
932 1437 1115 1521 Μαρδονίῳ
1124 1440 1169 1522 τῷ
1178 1440 1241 1520 ρα-

291 1537 405 1609 σιλέως
422 1537 591 1617 στρατηγῷ
608 1527 687 1615 μεθ’
703 1528 801 1616 ὑμῶν
811 1531 1241 1622 καὶτοῖνσυνελενδεροάν-

289 1656 357 1697 των
374 1627 581 1714 τὴνἙλλάδα
592 1629 831 1714 μαχεσάμενοι,
849 1634 894 1706 είς
904 1627 1020 1695 κοινὸν
1032 1628 1094 1715 τὴν
1104 1631 1241 1696 ἐλευθε-

291 1735 367 1811 ρίαν
378 1740 445 1804 τοῖς
456 1724 703 1810 άλλοιςἝλλιγσι
712 1729 907 1810 κατέθηκαν
930 1726 1043 1794 ἐπεὶδὲ
1048 1732 1240 1806 Παυσανίας

290 1825 586 1911 ὁΛακιδαιμονίωυ
595 1821 750 1909 βασιλεὺς
759 1821 907 1910 υβριζειν
916 1822 1098 1911 ἐνεχείρει
1079 1832 1172 1911 υμᾶς,
1184 1829 1240 1893 καί

289 1922 352 1992 οὐκ
368 1921 480 2010 ἠγάπα
498 1947 549 1989 οτι
559 1947 616 2008 της
626 1918 802 2008 ηγεμονίας
820 1919 948 2010 μόνοιή
951 1922 1121 2010 ξιάδησαν
1132 1930 1240 1990 Λακε-

290 2016 490 2106 δαιμόνιοι“
470 2016 536 2086 υπὸ
556 2043 625 2086 των
631 2017 811 2105 Ἑλλήνων,
832 2017 918 2106 καὶὴ
930 2019 1024 2100 πόλις
1034 2029 1075 2109 τῇ
1085 2022 1146 2107 μὲν
1158 2021 1240 2108 άλη-

290 2128 366 2188 θεία
377 2117 485 2206 ἡγεῖτο
502 2126 559 2204 τῆς
569 2121 760 2202 ἐλευθερίας
770 2133 839 2197 τοῖς
839 2116 989 2206 Ἕλλησι,
1011 2144 1052 2205 τῃ
1037 2120 1102 2187 δὲ
1112 2129 1239 2205 φιλοτι-

290 2215 456 2307 μίμνοντ’
435 2243 633 2304 ηναντιοντο
644 2230 711 2295 τοῖς
721 2222 1042 2302 Λακεδαιμονίοις,“
1026 2244 1081 2284 ινα
1091 2216 1135 2303 μὴ
1148 2228 1239 2303 φθο-

248 2326 440 2404 9ῖνηθωσιν
458 2314 522 2384 ὑπὸ
540 2323 610 2382 των
626 2315 822 2400 συμμάχων·
845 2313 899 2398 ἐφ’
911 2309 960 2391 οἷς
970 2317 1134 2398 φυσηθεὶς
1143 2322 1239 2383 Παυ-
1248 2333 1316 2390 1378

290 2424 405 2495 σανίας
423 2415 440 2484 ὁ
458 2423 525 2483 τῶν
535 2417 807 2497 Λακεδαιμονίων
823 2408 979 2496 βασιλεὺς
989 2413 1176 2496 ἐπέγραψεν
1187 2414 1239 2480 ε’πὶ

289 2513 348 2584 τόν
361 2518 500 2599 τρίποδα
512 2516 549 2580 ἐν
558 2519 720 2596 Δελφοῖς,
733 2505 773 2575 δυ
784 2505 974 2592 οίἝλληνες
986 2510 1020 2572 οί
1028 2509 1239 2594 συμμαχεσά-

288 2639 383 2700 μενοι
399 2610 461 2698 τὴν
471 2618 654 2679 Πλαταιᾶσι
670 2608 777 2693 μάχην
795 2603 921 2692 καίτὴν
932 2609 968 2673 ἐν
980 2612 1144 2691 Σαλαμῖνι
1155 2632 1239 2675 ναν-

289 2720 407 2834 μαχίαν
424 2710 692 2797 ναυμαχήσαντες
713 2712 810 2795 κοινῇ
830 2705 1045 2792 ποιησάμενοι
1067 2701 1238 2791 ἀνέθηκαν

289 2809 497 2900 ἀριστεῖον
465 2836 511 2878 τω
496 2804 734 2877 Ἀπόλλωνι’
714 2807 778 2872 απὸ
789 2830 858 2872 των
868 2806 1059 2892 βαρβάρων,

367 2906 544 2993 Ἑλλήνων’
526 2904 650 2993 αρχηγός
661 2909 722 2971 ἐπεὶ
733 2901 855 3010 στρατόν
867 2905 952 2971 όέλεσε
963 2904 1092 3008 Μήδων,

416 2999 589 3068 Παυσανίας
603 2994 704 3077 Φοίβῳ
715 2997 797 3073 μνῇμ
800 2984 952 3073 ’άνέθηκε
961 2988 1036 3070 τόδε,

290 3101 336 3183 ὡς
354 3101 458 3171 αὑτοῦ
475 3129 535 3169 του
521 3101 683 3187 ἐργου”
664 3126 759 3180 ουτος
770 3103 825 3169 καί
836 3127 898 3168 του
884 3098 1138 3184 ’άναθήματος,
1160 3095 1235 3166 ἄλλ’

244 3216 279 3270 98
288 3227 330 3270 ου
319 3200 458 3268 ’κοινοῦ
470 3208 537 3266 τῶν
549 3199 743 3285 συμμάχων·
763 3197 990 3285 ὀργισθέντων
1006 3199 1041 3264 δὲ
1050 3223 1120 3264 των
1124 3196 1236 3285 Ἑλλή-

287 3326 358 3367 νων
377 3304 411 3366 οί
428 3306 599 3376 Πλαταιεῖς
616 3297 816 3383 λαγχάνουσι
833 3302 928 3380 δίκην
944 3308 1012 3372 τοῖς
1029 3300 1236 3383 Λακεδαιμο-

288 3403 371 3477 νίοις
382 3405 427 3476 είς
438 3397 516 3474 τούς
523 3394 762 3482 Ἀμφικτύονας
772 3400 886 3480 χιλίων
895 3392 1067 3459 ταλάντων
1076 3389 1158 3480 ὑπὲρ
1167 3402 1236 3463 τῶν

288 3496 484 3582 συμμάχων,
506 3496 562 3561 καὶ
577 3492 770 3580 ἠνάγκασαν
786 3489 908 3570 αὐτοὺς
929 3490 1173 3572 ἐκκολάψαντας
1194 3495 1234 3561 τά

287 3599 413 3680 ἐλεγεῖα
429 3591 603 3680 ἐπιγράψαι
614 3591 793 3672 τάςπόλεις
802 3589 1098 3670 τάςκοινωνοάσας
1107 3599 1168 3659 τοῦ
1179 3597 1234 3674 ἔρ-

287 3718 361 3778 γον.
396 3691 509 3774 διόπερ
522 3688 632 3771 αὐτοῖς
643 3690 703 3776 οὐχ
712 3688 831 3776 ἥκιστα
841 3687 1119 3777 παρηκολούθειὴ
1132 3695 1235 3776 ἔχθρα

332 3787 467 3839 Demosth.
490 3787 549 3845 Vol,
562 3788 610 3838 111.
1050 3788 1085 3839 20
