3159 4409
308 515 372 580 εει
515 517 579 619 ια.
603 509 1038 591 [Δααοεοααονκς

309 677 363 744 καί
374 682 544 761 προπετῶς
554 676 668 759 ἐχρῆτο
680 671 774 757 αὐτῇ,
786 667 866 738 κάπὶ
878 669 917 738 τοὶ
929 675 1047 738 δεῖπνα
1056 675 1141 757 ἔχων
1152 664 1256 758 αὐτὴν

310 789 470 859 πανταχοῖ
482 771 675 855 ἐπορεύετο,
697 767 784 837 ὅπου
801 775 909 854 πίνοι,
926 769 1071 856 ἐκώμαζέ
1085 767 1112 837 τ’
1123 768 1175 838 ἀεὶ
1190 768 1253 856 μετ’
1263 781 1312 836 Ιῖοί

309 871 424 956 αὐτοῦ,
442 879 550 956 συνῆν
560 867 586 937 τ’
598 873 753 956 ἐμφανῶς
763 865 865 935 ὁπότε
882 875 1064 955 βουληθείη
1075 877 1254 955 πανταχοῦ,

309 977 497 1057 φιλοτιμίαν
507 967 568 1054 τὴν
578 970 730 1048 ἐξουσίαν
746 963 829 1053 πρός
840 966 918 1046 τοὺς
934 964 1083 1050 ὁρῶντας
1097 967 1256 1055 ποιούμε-

308 1095 374 1148 νος.
406 1070 461 1136 καί
473 1064 515 1146 ῶς
525 1066 647 1145 ἀλλους
663 1091 699 1132 τε
716 1061 859 1143 πολλοὺς
869 1067 921 1132 ἐπὶ
931 1072 1046 1151 κῶμον
1056 1070 1141 1151 ἔχων
1151 1059 1255 1152 ἦλθεν

310 1165 417 1254 αὐτὴν
427 1161 536 1244 καλῶς
548 1171 699 1253 Χαβρίαν
708 1162 767 1232 τὸν
777 1166 936 1249 Αἰξωνέα,
948 1162 1003 1233 ὅτε
1013 1168 1105 1233 ἐνίκα
1116 1169 1169 1233 ἐπὶ
1179 1174 1255 1234 Σω-

310 1270 468 1350 κρατίδου
477 1261 635 1349 ἀρχοντος
645 1259 685 1330 τά
695 1262 812 1330 Πύθια
829 1270 877 1352 τῶ
886 1270 1075 1352 τεθρίππῳ,
1093 1260 1254 1347 δέπρίατο

310 1365 399 1449 παρὰ
409 1371 478 1431 τῶν
488 1366 616 1429 παίδων
627 1367 695 1429 τῶν
704 1366 836 1439 Μίτυος
846 1369 909 1429 τοῦ
916 1359 1065 1447 Ἀργείου
1071 1413 1080 1446 ,
1098 1365 1153 1431 καί
1163 1360 1255 1450 ἥκων

310 1467 346 1532 ἐκ
361 1468 507 1546 Δελφῶν
525 1465 626 1529 εἱστία
642 1457 683 1528 τά
703 1463 845 1529 ἐπινίκια
860 1462 912 1528 ἐπὶ
926 1460 1083 1528 Κωλιάδι.
1115 1463 1172 1529 καί
1192 1463 1259 1528 ἐκεῖ

310 1561 403 1630 ἄλλοι
414 1586 449 1629 τε
461 1563 575 1630 πολλοὶ
587 1566 821 1645 συνεγίγνοντο
839 1558 1113 1648 αὐτῇμεθνούση
1130 1558 1254 1627 καθεύ-

309 1665 426 1738 δοντος
446 1668 508 1727 τοῦ
525 1666 733 1744 Φρυνίωνος,
755 1659 810 1726 καὶ
832 1662 867 1726 ολ
885 1658 1034 1726 διάκονοι
1054 1662 1089 1726 ολ
1106 1665 1254 1746 Χαβρίου

268 1758 469 1840 34τράπεζαν
482 1761 715 1844 παραθέμενοι.
734 1760 789 1824 καλ
799 1754 849 1824 ὅτι
860 1753 946 1824 ταῦτ’
956 1754 1066 1843 ἀληθῆ
1075 1760 1172 1843 λέγω,
1179 1755 1254 1835 τοὺς

311 1855 459 1942 ὁρῶντας
469 1854 613 1943 δμίνκαὶ
630 1855 973 1942 παρόνταςμάρτνρας
985 1857 1173 1942 παρέξομαι.
1201 1861 1256 1923 καί

310 1980 366 2041 μοι
382 1955 475 2022 κάλει
486 1959 701 2042 Χιωνίδηνθ·
671 1962 885 2031 Ηυπεταιῶνα
901 1981 956 2022 και
944 1951 1168 2069 Εὐθετίωνα
1183 1961 1254 2022 Κν-

313 2056 487 2138 δαθηναιᾶ.

664 2158 919 2220 MAPTYPIA

396 2257 555 2334 [Χιωνίδης
567 2248 752 2356 Ξυπεταιῶν,
771 2247 927 2317 Εὐθετίων
938 2251 1167 2356 Κυδαθηναιεὺς
1183 2279 1254 2336 μαρ-

353 2343 474 2482 τνροῦῑσι
485 2336 660 2419 κληθηναι
645 2362 705 2402 υπο
691 2332 847 2484 Χαβρίου
859 2338 906 2400 ἐπὶ
916 2336 1079 2440 δεῖπνον,”
1062 2362 1108 2402 οτε
1118 2363 1155 2400 τα
1143 2333 1255 2400 ἐπινί-

355 2445 405 2482 κια
423 2423 512 2483 εἱστία
528 2426 661 2525 Χαβρίας
676 2447 728 2530 της
743 2426 828 2502 νίκης
844 2426 897 2485 τοῦ
917 2446 1060 2503 αρματος,
1083 2418 1133 2484 καὶ
1151 2425 1255 2484 εἱστιᾶ-

307 2502 310 2507 ’
356 2512 429 2566 σθαι
440 2505 486 2566 ἐπὶ
496 2503 643 2614 Κωλιάδι,
666 2531 717 2568 και
707 2507 835 2568 είδίναι
849 2508 1008 2605 Φρυνίωνα
1024 2506 1157 2606 παρόντα
1175 2505 1256 2568 ἒν
1217 2528 1270 2589 τω

356 2590 464 2673 δείπνω
480 2613 573 2675 τοντφ
590 2591 692 2669 έχοντα
709 2590 844 2690 Νέαιραν
865 2613 920 2669 την
940 2590 1009 2651 νυνί
1030 2567 1256 2698 ἀγωνιζομένην,

356 2696 406 2732 και
397 2650 576 2734 κάθενδειν
593 2679 671 2750 σφάς
687 2663 794 2747 αὖτοδς
811 2673 862 2733 καί
876 2674 1035 2754 Φρυνίωνα
1051 2698 1102 2735 και
1093 2674 1255 2778 Νέαιραν,

356 2754 406 2816 καί
418 2751 661 2818 αίσθάνεσθαι’
626 2780 709 2818 αντοι
700 2748 975 2834 ἀνισταμένους
939 2781 990 2858 της
1001 2781 1103 2858 νυκτος
1113 2781 1187 2838 προς
1198 2755 1256 2818 Νέ-

356 2860 444 2920 αιραν
455 2835 559 2915 ἀλλους
568 2862 599 2902 τε
610 2840 660 2902 καί
670 2845 729 2901 τῶν
738 2836 887 2902 διακόνων
896 2833 986 2919 τινάς,
999 2829 1058 2903 οἳ
1038 2859 1115 2920 ησαν
1122 2842 1257 2923 Χαβρίου

356 2923 488 3001 οἰκέται]

269 3036 302 3091 35
393 3028 521 3117 Ἐπειδη
537 3037 652 3099 τοίνυν
669 2993 813 3116 ἀσελγῶς
830 3029 1137 3118 προύπηλακίζετο“
1119 3030 1185 3099 νπό
1199 3039 1258 3099 τοῦ

314 3137 507 3213 Φρυνίωνος
524 3133 578 3198 καὶ
590 3129 651 3215 οὐχ
668 3128 711 3209 ῶς
729 3129 811 3220 ᾤετο
834 3129 993 3217 ἠγαπᾶτο,
1017 3126 1092 3197 οὐδ’
1105 3127 1259 3218 ὑπηρέτει

313 3225 397 3317 αὐτῇ
408 3229 430 3297 οἳ
440 3232 612 3318 ἐβούλετο,
634 3234 906 3317 συσκευασαμένη
923 3226 1029 3298 αὐτοῦ
1040 3226 1080 3295 τά
1094 3230 1130 3295 ἐκ
1140 3237 1198 3312 τῆς
1209 3235 1259 3296 οί-

313 3331 448 3405 κίαςκαὶ
459 3328 522 3398 ὅσα
541 3321 584 3414 ἦν
600 3327 685 3417 αὐτῇ
703 3327 757 3398 ὑπ’
770 3333 899 3397 ἐκείνου
917 3326 1038 3415 περὶτὰ
1057 3335 1152 3414 σῶμα
1162 3352 1258 3395 κατε-

313 3430 520 3510 σκευασμένα
541 3426 651 3513 ίμάτια
670 3431 724 3496 καί
740 3435 874 3515 χρυσία,
897 3431 951 3496 καί
965 3433 1172 3510 θεραπαίνας
1184 3425 1256 3510 δύο,

313 3529 464 3610 Θρᾷτταν
481 3527 535 3592 καί
547 3532 776 3613 Κοκκαλίνην,
798 3527 1032 3609 ἀποδιδράσκει
1049 3531 1095 3604 είς
1105 3529 1257 3609 Μέγαρα.
1267 3533 1312 3593 135⁵.

311 3614 355 3708 ἦν
366 3619 401 3687 δὲ
416 3617 433 3688 ὁ
443 3624 564 3706 χρόνος
573 3617 722 3716 οὖτος-ᾦ
740 3623 878 3704 Ἀστεῖος
896 3625 956 3711 μὲν
972 3619 1138 3712 ἧνάρχων
1157 3620 1259 3708 Ἀθη-

312 3740 423 3808 νησιν,
447 3717 464 3789 ὁ
483 3722 598 3809 καιρὸς
614 3723 646 3792 δ’
664 3728 700 3792 ἐν
718 3717 747 3814 ᾦ
763 3723 945 3810 ἐπολεμεῖθ’
962 3721 1054 3810 ὑμεῖς
1074 3719 1158 3810 πρὸς
1179 3719 1259 3799 τοὺς
