3159 4409
479 473 622 537 ΚΑΤΑ
653 472 952 536 ΣΤΕΦΑΝΟῬ.
973 475 1014 536 Α.
1042 479 1046 490 “
1179 471 1220 537 75

222 642 378 721 ῖθτυρύν
388 639 491 722 δῆλον
503 633 553 703 ότι
564 632 644 714 καθ’
659 632 775 712 ὁποίας
786 629 830 701 άν
841 637 949 719 εἰδείη.
971 640 1007 702 τί
1013 625 1077 702 ούν
1086 635 1219 704 παθόν-

264 761 317 814 τες
327 737 539 819 όμαρτυρεῖτε
551 731 644 819 ὑμεῖς
654 735 691 800 έν
702 732 882 818 προκλήσει
891 730 1064 818 διαθήκας,
1075 730 1143 802 ἄλλ’
1154 731 1217 802 ούκ

265 837 413 910 ἐκείνους
431 838 533 913 είᾶτε;
555 838 586 899 εί
602 831 667 916 γάρ
685 823 730 898 αύ
740 829 783 918 μή
797 833 964 918 φήσουσιν
977 834 1100 900 εἰδέναι
1109 831 1149 899 τά
1160 858 1217 918 γε·

263 937 437 1017 γραμμένα
445 935 481 998 ἐν
493 929 617 1016 αὐταῖς,
630 937 701 1008 ποῑς
711 927 798 1016 ύμοῖς
808 925 882 999 οἶόν
891 928 922 998 τ’
934 931 1056 999 είδέναι
1065 929 1144 1008 τούς
1154 957 1217 1017 μη-
1233 968 1238 974 -

263 1035 351 1117 δαμή
368 1034 525 1116 μηδαμῶς
539 1036 601 1096 τού
617 1029 810 1114 πράγματος
826 1030 940 1115 ἐγγύς;
961 1035 997 1102 τί
1009 1028 1084 1097 ποτ’
1104 1021 1169 1096 οὖν
1185 1033 1220 1096 οί

262 1128 324 1214 μέν
335 1131 461 1214 έκεῖνα,
473 1133 507 1196 οί
516 1128 552 1196 δὲ
562 1135 666 1197 ταῦτα
678 1129 926 1216 ἐμαρτύρησαν;
940 1128 1023 1214 ὅπερ
1033 1137 1151 1215 ,είρηκα
1161 1128 1216 1195 καὶ

261 1228 441 1316 πρότερον,
469 1233 632 1298 διείλοντο
654 1225 877 1315 τάδικήματα,
906 1230 961 1296 καὶ
981 1231 1215 1312 ἐπιτροπεύσει

261 1326 322 1411 μὲν
338 1325 422 1394 κατὰ
440 1328 607 1414 διαθήκην
625 1325 727 1396 ούδὲν
745 1326 857 1395 δεινὸν
872 1323 981 1413 ἡγεῖτο
998 1339 1179 1412 μαρτυρεῖν
1195 1318 1214 1392 ό
1256 1354 1259 1363 ’

218 1445 253 1500 39
261 1432 450 1512 μαρτυρεῖν,
458 1422 529 1492 ούδ
541 1428 822 1510 ἐπιτροπευθῆναι
831 1421 914 1490 κατά
924 1424 1102 1510 διαθήκην,
1112 1422 1214 1510 άφαι-

261 1531 336 1608 ρῶν
349 1523 502 1606 ἑκάτερος
519 1521 556 1589 τὸ
574 1536 755 1609 μαρτυρεῖν
771 1520 812 1588 τοὶ
830 1525 867 1588 έν
881 1536 951 1600 ταῖς
962 1521 1137 1607 διαθήκαις
1148 1517 1212 1590 ὑπό

259 1621 385 1688 τούτου
396 1622 617 1706 γεγραμμένα,
629 1618 708 1687 οὐδὲ
719 1625 912 1688 καταλιπεῖν
922 1618 981 1688 τόν
989 1623 1113 1706 πατέρα
1122 1618 1213 1711 αὐτῷ

258 1721 544 1804 ἐπιγεγραμμένον
562 1733 784 1804 γραμματεῖον
795 1720 978 1807 διαθήκην,
1002 1717 1212 1789 ούδέτδτοι-

259 1826 361 1885 αύτα·
384 1817 548 1904 διαθήκας
562 1818 599 1886 δὲ
614 1832 812 1904 μαρτυρεῖν,
833 1822 871 1887 ἐν
886 1816 938 1897 αἷς
956 1819 1132 1906 χρημάτων
1154 1844 1211 1886 το·

258 1916 393 1984 τούτων
404 1916 526 2002 κλοπή,
539 1915 699 2001 γυναικός
711 1915 898 2005 διαφθορά,
909 1919 1011 2005 γάμοι
1023 1923 1209 2005 δεσποίνης,

259 2014 433 2101 πράγματα
453 2017 614 2102 αἰσχύνην
630 2018 686 2084 κοιλ
702 2015 802 2104 ύβριν
817 2018 982 2105 τοσαύτην
999 2022 1131 2104 έχοντα,
1152 2015 1209 2084 ού-

259 2117 325 2193 δελς
341 2113 443 2202 ήθελε
459 2115 546 2201 πλήν
562 2107 672 2200 οὗτοι,
693 2115 878 2201 πρόκλησιν
894 2116 1209 2199 κατασκευάσαντες,

258 2211 338 2298 παρ’
356 2205 404 2280 οἷν
417 2218 545 2282 δίκαων
555 2223 613 2300 τῆς
623 2213 702 2301 ὅλης
712 2218 826 2301 τέχνης
836 2216 892 2283 καὶ
902 2220 1102 2298 κακουργίας
1113 2218 1209 2299 δίκην

258 2319 381 2399 λαβεῖν.

213 2429 249 2484 40
335 2410 407 2480 Ἵνα
417 2419 550 2498 τοίνυν,
570 2405 728 2498 ύάνδρες
736 2410 923 2498 Ἀθηναῖοι,
943 2410 988 2494 μή
1000 2409 1106 2494 μόνον
1117 2410 1150 2488 ἐξ
1162 2400 1211 2475 ὦν

257 2507 323 2595 έγδ
336 2518 510 2603 κατηγοροῖ
520 2512 575 2578 καί
586 2514 707 2597 ἐλέγχω
719 2515 817 2596 δῆλος
826 2506 1095 2596 ύμῖν-γένηταιτά
1105 2511 1212 2592 ψευδῆ

257 2607 516 2696 μεμαρτυρηκώς
536 2607 650 2678 ούτοσὶ
661 2613 851 2696 Στέφανος,
874 2605 958 2676 άλλά
979 2610 1035 2674 καί
1046 2611 1078 2686 έξ
1091 2599 1140 2674 οἷν
1150 2629 1210 2674 πε-

257 2715 395 2794 ποίηκεν
406 2707 422 2775 ὁ
435 2710 683 2795 παρασχόμενος
693 2707 809 2793 αὐτόν,
820 2706 860 2776 τά
872 2710 1085 2795 πεπραγμένα
1095 2709 1209 2795 ἐκείνω

257 2805 422 2893 βούλομαι
439 2806 522 2892 πρὸς
538 2806 625 2894 ὑμᾶς
636 2814 749 2876 εἰπεῖν.
782 2807 865 2895 ὅπερ
878 2805 909 2875 δ’
922 2806 1018 2876 εἷπον
1027 2805 1212 2892 άρχόμενος

255 2915 319 2973 τού
328 2905 441 2992 λόγου,
454 2911 546 2988 δείξω
557 2909 762 2994 κατηγόρους
772 2910 989 2993 γιγνομένους
999 2903 1123 2985 αὐτούς
1131 2907 1211 2974 ἑαυ-

256 3012 334 3072 τοίν.
367 3004 429 3092 τήν
445 3004 508 3091 γὰρ
525 3012 637 3094 δίκην,
659 2999 1083 3101 ἐνήταύταέμαρτυρήθη,
1106 3029 1209 3086 παρε-

255 3103 407 3196 γράψατο
420 3112 577 3191 Φορμίων
594 3103 677 3190 πρὸς
694 3104 751 3191 ἐμὲ
769 3103 814 3191 μή
832 3105 1052 3192 εἰσαγώγιμον
1070 3103 1154 3172 εἶναι
1164 3099 1285 3180 &91114

213 3220 242 3276 41
254 3200 396 3290 άφέντος
413 3207 497 3288 ἐμοῦ
511 3212 579 3271 τόν
596 3203 812 3291 ἐγκλημάτων
829 3201 943 3273 αύτόν.
977 3211 1075 3270 τοῦτο
1092 3210 1208 3274 τοίνυν

253 3301 318 3388 ἐγω
337 3304 399 3389 μέν
417 3302 490 3372 οἶδα
506 3299 699 3390 ύεύδοςόν,
721 3305 777 3372 καὶ
800 3307 918 3390 ἐλέγξω
940 3301 992 3384 δέ,
1015 3298 1097 3370 ὅταν
1118 3309 1207 3375 είσίω

253 3399 338 3488 πρός
354 3402 434 3482 τούς
449 3410 552 3471 ταύτα
568 3403 875 3490 μεμαρτυρηκότας·
891 3399 998 3488 τούτῳ
1017 3403 1052 3468 δὲ
1063 3399 1124 3488 ούχ
1135 3397 1208 3473 οἷόν

252 3525 289 3567 τε
299 3499 388 3568 τοῦτ’
403 3508 531 3570 εἰπεῖν’
545 3508 576 3570 εί
583 3508 699 3571 τοίνυν
712 3499 825 3588 άληθή
835 3498 1037 3568 πιστεύσαιτ’
1051 3499 1135 3570 είναι
1144 3501 1207 3589 τήν

254 3597 393 3685 ἄφεσιν,
415 3598 504 3667 οὕτω
520 3601 574 3668 καὶ
591 3599 722 3686 μάλιστ’
736 3595 779 3667 άν
791 3591 890 3679 οὗτος
901 3606 1018 3687 φανείη
1029 3605 1136 3687 ψευδῆ
1148 3624 1208 3685 με-

254 3696 472 3784 μαρτυρηκός
493 3700 548 3766 καὶ
569 3701 877 3785 κατεσκευασμένης
898 3698 1061 3786 διαθήκης
1082 3698 1208 3791 μάρτυς
