3159 4409
312 510 376 574 242
525 511 605 568 LVII.
633 506 1049 568 ΔΗΜΟΣΘΕΝΟῬΣ

313 670 376 757 γάρ
389 666 431 736 ἀν
442 668 566 756 δήπου,
591 677 622 736 εί
637 692 674 752 γε
685 668 802 752 μηδενί
818 659 860 752 ἦν
871 672 1006 750 οίκείος,
1026 665 1160 756 χρήματ’
1172 666 1262 759 αὐτῷ

314 769 547 854 προστιθέντες
559 759 652 834 οὗτοι
663 767 853 849 τοῦγένους
870 769 1093 851 μετεδίδοσαν.
1125 765 1195 834 ἀλλ’
1206 761 1260 854 ἦν,

315 866 359 946 οἱς
375 866 413 936 τό
429 892 464 934 τε
482 871 580 953 ἔργον
599 865 743 951 ἐδήλωσε
761 865 820 931 καί
831 861 913 951 ὑμίν
929 865 1182 953 μεμαρτύρηται.
1215 871 1261 932 ἔτι

261 1056 264 1073 .
313 973 428 1034 τοίνυν
439 963 541 1051 ἀρχάς
550 970 641 1050 ἔλαχε
654 965 709 1031 καὶ
717 955 795 1048 ἦρξε
802 967 1028 1049 δοκιμασθείς.
1048 970 1107 1032 καί
1114 990 1171 1050 μοι
1183 964 1260 1050 λαβὲ

313 1063 578 1152 τηνμαρτυρίαυ.
888 1092 892 1111 ¹

666 1166 903 1227 MAPTYPIA.

269 1279 304 1336 λδ
402 1266 515 1328 Οίεταί
531 1285 580 1338 τις
596 1251 660 1325 οὖν
676 1255 772 1344 ὑμῶν
788 1259 884 1324 ἐᾶσαί
894 1253 962 1322 ποτ’
974 1250 1018 1322 ἀν
1028 1251 1106 1336 τοὺς
1118 1256 1262 1343 δημότας

266 1435 269 1439 ,
315 1364 443 1428 ἐκείνου
452 1361 549 1446 ξένον
560 1360 614 1425 καὶ
625 1358 668 1444 μη
681 1362 818 1440 πολίτην
829 1354 941 1439 ἀρχειυ
957 1353 1030 1440 παρ’
1043 1352 1170 1441 αὐτοῖς,
1193 1354 1260 1424 ἀλλ’

315 1457 377 1528 οὐκ
395 1454 437 1526 ἀν
454 1471 663 1545 κατηγορεῑυ;
686 1453 727 1523 οὐ
746 1461 861 1523 τοίνυν
878 1454 1105 1540 κατηγόρησεν
1116 1454 1199 1525 οὐδὲ
1216 1452 1262 1538 είς

314 1556 388 1626 οὐδ’
402 1555 568 1645 ᾐτιάσατο.
600 1554 683 1624 ἀλλά
695 1553 764 1642 μὴν
780 1554 835 1621 καὶ
849 1557 1059 1638 διαψηφίσεις
1072 1556 1104 1634 ἐξ
1116 1553 1261 1640 ἀνάγκης

314 1660 465 1742 ἐγένοντο
476 1670 544 1734 τοῖς
557 1655 712 1741 δημόταις
730 1651 871 1739 όμόσασι
887 1649 963 1720 καθ’
976 1658 1091 1740 ίερῶν,
1113 1651 1157 1722 ὅτ’
1171 1652 1262 1720 ἀπιό-

316 1763 388 1821 λετο
399 1751 511 1832 αὐτοῖς
520 1752 556 1820 τὸ
566 1750 774 1838 ληξιαρχικόν
788 1766 1008 1839 γραμματείου
1018 1758 1262 1840 δημαρχοῦντος

312 1855 502 1938 Ἀντιφίλου
524 1860 584 1920 τοῦ
606 1849 730 1937 πατρὸς
756 1858 819 1918 τοῦ
840 1850 1065 1937 Εὐβουλίδου,
1095 1862 1152 1919 καί
1172 1878 1262 1930 τινας

315 1948 490 2035 ἀπήλασαν
511 1949 637 2017 αὐτῶν·
664 1951 740 2036 περὶ
760 1951 890 2018 ἐκείνου
911 1948 943 2016 δ’
963 1947 1072 2029 οὐδεὶς
1092 1946 1159 2017 οὔτ’
1172 1948 1262 2023 είιιευ

271 2063 306 2120 27
316 2046 381 2116 οὔτ’
395 2045 549 2134 ᾐτιάσατο
560 2057 713 2116 τοιοῦτον
724 2048 833 2116 οὐδέν.
867 2056 973 2117 καίτοι
990 2057 1091 2118 πᾶσίν
1103 2052 1193 2117 ἐστιν
1203 2047 1263 2117 ἀυ-

316 2146 465 2232 θρώποις
475 2153 565 2227 τέλος
576 2157 637 2216 τοῦ
647 2155 723 2235 βίου
734 2149 896 2234 θάνατος,
921 2152 976 2218 καί
993 2153 1067 2236 περὶ
1084 2142 1133 2218 τόν
1149 2147 1264 2235 μὲνάυ

316 2271 364 2323 τις
377 2250 440 2324 ζων
451 2249 558 2313 αι’τίαυ
569 2255 647 2335 σχῇ,
666 2252 795 2316 δίκαιον
806 2246 885 2326 τούς
896 2253 1013 2327 παῖδας
1024 2247 1086 2335 τὴν
1097 2247 1264 2335 ἀειλογίαν

318 2347 484 2437 τιαρέχειυ·
508 2350 582 2432 περὶ
599 2339 647 2414 ἀν
664 2345 696 2414 δ’
716 2345 758 2416 ἀν
776 2350 888 2435 μηδείς
906 2345 1010 2430 αὐτόν
1026 2353 1131 2428 ζῶντα
1149 2373 1264 2415 καται-

317 2440 483 2530 τιάσηται,
505 2453 574 2523 πῶς
586 2445 627 2513 οὐ
644 2445 754 2515 δεινὸν
766 2454 797 2514 εί
810 2444 890 2524 τούς
901 2450 1019 2526 παῖδας
1029 2444 1047 2514 ὅ
1059 2444 1265 2532 βουλόμενος

317 2556 437 2624 κρινεῖς
461 2547 490 2609 εί
507 2542 568 2629 μὲν
585 2552 699 2612 τοίνυν
716 2548 789 2628 περὶ
808 2546 936 2621 τούτων
953 2548 1066 2631 μηδείς
1081 2546 1180 2631 λόγος
1191 2549 1263 2632 έξη-
1271 2548 1312 2606 1³⁰

316 2641 444 2726 τάσθη,
465 2645 575 2727 δοῖμεν
592 2649 690 2710 τοῦτο
708 2645 900 2729 λεληθέναι·
924 2650 954 2711 εί
969 2645 1001 2710 δ’
1015 2641 1117 2729 ἐδόθη
1129 2646 1185 2712 καί
1197 2648 1265 2711 διε-

318 2746 506 2826 ψηφίσαντο
525 2743 579 2807 καί
597 2744 697 2826 μηδὲν
713 2739 869 2828 ᾐτιάσατο
890 2742 1021 2811 πάντοτε
1043 2746 1173 2830 μηδείς,
1195 2750 1265 2821 τοῖς

317 2835 360 2904 οὐ
373 2842 506 2916 δικαίως
517 2834 559 2905 ἀυ
570 2837 632 2924 ε’γώ
645 2836 712 2906 κατ’
726 2843 853 2908 ἐκείνου
863 2841 1036 2928 Ἀθηυαίος
1047 2853 1119 2929 είηυ
1135 2841 1196 2911 τόν
1211 2869 1266 2911 τε-

307 2937 523 3023 λευτήσαντα
551 2941 630 3025 πρὶν
656 2936 948 3026 ἀμφισβητηθῆναι
975 2949 1036 3008 τοῦ
1064 2944 1183 3027 γένους
1204 2939 1266 3008 αό-

318 3044 381 3123 τῷς
405 3032 449 3115 ὡς
466 3036 505 3122 δὴ
524 3035 611 3104 ταῦτ’
625 3035 737 3124 ἀληθῆ
747 3040 847 3125 λέγω,
872 3040 966 3107 κάλει
976 3043 1030 3108 καὶ
1041 3041 1170 3109 τούτων
1181 3041 1267 3127 μάρ-

319 3161 430 3221 τυρας.
901 3214 903 3219 s

673 3243 922 3307 ΜΑΡΤΤΡΕΣ.

278 3345 313 3399 ‘28
398 3334 468 3401 Ἔτι
488 3340 603 3403 τοίνυν
625 3340 752 3405 παίδων
778 3336 868 3427 αὐτῷ
895 3337 1059 3422 τεττάρων
1079 3340 1271 3422 γενομένων

322 3429 533 3520 ὁμομητρίων
550 3439 620 3522 ἐμοί
638 3437 692 3504 καὶ
710 3437 991 3522 τελευτησάντων,
1013 3442 1118 3516 ἔθαψε
1129 3435 1270 3515 τούτους

325 3535 370 3609 είς
380 3531 419 3598 τά
431 3544 566 3625 πατρῷα
582 3535 750 3623 μνήματα,
775 3528 822 3602 όν
840 3534 975 3618 ὅσοιπέρ
993 3540 1054 3602 είσι
1070 3541 1131 3601 τοῦ
1149 3536 1270 3619 γένους

325 3639 559 3701 κοινωνοῦσιν·
581 3638 636 3704 καί
653 3635 783 3702 τούτων
800 3631 908 3712 οὐδεὶς
924 3631 986 3701 οὐκ
999 3633 1113 3700 ἀπεῖπε
1124 3634 1269 3717 αόιιοτε,

326 3726 389 3799 οὐκ
401 3730 567 3800 ἐκώλυσεν
572 3782 582 3818 ,
602 3731 643 3801 οὐ
657 3739 751 3819 δίκην
763 3739 887 3818 ἔλαχεν.
909 3740 1013 3801 καίτοι
1022 3739 1070 3812 τίς
1080 3738 1171 3802 ἔστιν
1181 3731 1273 3812 ὅστις
