3159 4409
552 509 691 570 ΠΡΟΣ
709 508 816 569 ΣΠΟ
826 509 1001 570 ΤΔΙΑΝ.
1229 511 1250 574 5

301 667 405 738 ούδέν
418 667 549 756 ἀντερεῖ
556 673 742 749 Σπουδίας·
759 666 838 736 οὐδὲ
850 668 914 757 γάρ
925 671 999 754 ἕξει,
1011 678 1128 757 καίπερ
1141 673 1251 754 δεινός

301 769 362 854 ῶν·
394 768 572 836 αἰτιάσεται
591 769 627 836 δέ
643 767 860 835 Πολύευκτον
876 770 930 836 καί
947 766 1009 854 τὴν
1024 783 1168 853 γυναῖκα
1186 769 1249 838 αύ-

297 874 375 943 τοῦ,
393 869 449 934 καί
462 866 560 952 φησει
572 865 678 933 πάντα
696 873 799 932 ταῦτα
816 863 869 933 ὑπ’
881 871 964 952 ἐμοῦ
980 872 1176 948 πεισθέντας
1186 898 1250 938 κα·
1276 907 1278 911 v

298 973 551 1053 ταχαρίσασθαι,
577 969 631 1034 καί
653 965 694 1052 νὴ
719 964 777 1034 Δί’
795 969 891 1050 ἕτερα
915 964 1021 1035 πολλοὶ
1046 970 1101 1035 καί
1123 969 1248 1055 μεγάλα

300 1067 526 1151 βλάπτεσθαι,
545 1069 600 1132 καί
612 1070 708 1152 δίκην
727 1068 888 1152 εἰληχέναι
904 1093 976 1152 μοι·
997 1076 1101 1135 ταυτα
1116 1066 1182 1154 γάρ
1193 1071 1249 1136 καί

255 1161 383 1249 13πρδς
399 1171 446 1255 τῷ
465 1168 613 1251 διαιτητῇ
627 1168 735 1250 λέγειν
752 1168 915 1250 ἐπεχείρει.
944 1165 1008 1252 ἐγω
1023 1165 1067 1251 δ’,
1084 1159 1112 1234 ῶ
1129 1166 1249 1252 ἀνδρες

299 1266 467 1348 δικασταὶ,
486 1270 619 1347 πρῶτον
635 1264 697 1349 μὲν
714 1260 772 1349 ούχ
787 1261 933 1350 ἡγοῦμαι
944 1269 1077 1333 δικαίαν
1090 1264 1174 1332 εἰναι
1187 1264 1249 1350 την

298 1362 483 1447 ἀπολογίαν
493 1360 555 1448 την
565 1362 732 1449 τοιαύτην,
740 1359 819 1430 οὐδὲ
830 1362 1023 1448 προσήκειν,
1031 1362 1114 1432 ὅταν
1123 1389 1172 1442 τις
1181 1389 1248 1449 φα-

299 1468 405 1546 νερῶς
415 1462 625 1546 ἐξελέγχηται,
638 1463 904 1546 μεταστρέψαντα
916 1459 979 1539 τάς.
985 1467 1089 1540 αἰτίας
1099 1466 1248 1547 ἐγκαλεῖν
1256 1474 1324 1530 1032

298 1562 354 1628 καί
366 1557 572 1645 διαβάλλειν·
594 1557 662 1627 ἀλλ’
677 1563 813 1627 ἐκείνων
825 1560 896 1645 μὲν,
904 1570 996 1647 εἰπερ
1008 1558 1175 1649 ἀδικεῖται,
1190 1567 1250 1648 δῆ-

298 1667 360 1725 λον
370 1655 422 1725 ότι
437 1660 535 1743 δίκην
545 1657 699 1743 λη’ψεται,
717 1658 847 1724 τούτων
863 1658 899 1726 δέ
910 1657 1023 1727 δύσει·
1047 1668 1117 1740 πῶς
1130 1657 1194 1746 γάρ
1206 1657 1250 1728 ἀν

299 1755 364 1840 ε’γῶ
386 1763 453 1824 νῦν
476 1771 546 1835 ταῖς
565 1757 696 1824 τούτων
718 1753 886 1844 διαβολαῖς
910 1759 1131 1845 ἀντιδικοίην,
1154 1757 1250 1845 ἀφείς

255 1871 289 1924 14
297 1853 382 1942 ὑπὲρ
394 1848 443 1923 ῶν
454 1853 546 1942 ὑμεῖς
556 1861 688 1942 μέλλετε
695 1855 757 1943 την
769 1865 885 1942 ψῆφον
897 1868 1018 1938 οἰσειν;
1040 1865 1149 1926 ἔπειτα
1159 1869 1250 1926 θαυ-

296 1952 387 2041 μάξω
398 1960 433 2021 τί
440 1954 572 2042 δήποτε,
583 1965 674 2042 εἰπερ
686 1954 799 2041 ἀληθῆ
808 1959 863 2024 καὶ
875 1961 983 2025 δίκαια
991 1958 1077 2043 εἰχεν
1087 1960 1249 2043 ἐγκαλεῖν,
1326 2029 1329 2038 ,

295 2057 513 2140 βουλομένων
523 2051 684 2140 ἡμάςτῶν
696 2061 807 2139 φίλων
818 2057 968 2124 διαλύειν
976 2059 1030 2125 καὶ
1041 2065 1176 2124 πολλῶν
1189 2055 1250 2125 λό-

295 2179 368 2238 γων
389 2156 580 2238 γενομένων
600 2150 661 2238 ούχ
681 2147 751 2232 οἰός
772 2151 803 2220 τ’
823 2146 867 2240 ἦν
885 2157 1037 2240 ἐμμένειν
1055 2150 1104 2234 οἰς
1126 2158 1250 2223 ἐκεῖνοι

295 2265 418 2339 γνοῖεν.
456 2258 561 2339 καίτοι
578 2258 663 2330 τίνες
680 2248 724 2319 ἀν
743 2251 882 2339 ἀμεινον
898 2256 953 2322 καί
969 2260 1037 2320 τῶν
1052 2254 1175 2322 τούτου
1193 2255 1249 2321 καί

295 2359 364 2418 τῶν
377 2346 469 2435 ἐμῶν
485 2351 698 2435 ἐγκλημάτων
712 2348 751 2416 τά
769 2351 873 2435 μηδὲν
891 2349 971 2416 ὄντα
989 2351 1164 2436 ἐξήλεγξαν
1179 2358 1248 2416 τῶν

295 2450 620 2536 παραγεγενημένων
631 2447 733 2514 ἅπασι
745 2449 892 2528 τούτοις,
914 2453 982 2513 τῶν
999 2447 1136 2513 εἰδότων
1147 2443 1248 2514 οὐδὲν

293 2540 397 2634 ἧττον
407 2543 505 2633 ἡμῶν
515 2546 554 2612 τά
570 2546 751 2632 γενόμενα,
763 2552 832 2612 τῶν
843 2553 969 2612 κοινῶν
983 2543 1182 2632 ἀμφοτέροις
1192 2547 1247 2612 καί

254 2675 284 2729 15
294 2652 405 2731 φίλων
419 2643 543 2722 όντων;
566 2643 648 2712 ἀλλά
662 2648 766 2730 δῆλον
777 2642 828 2711 ὅτι
840 2643 949 2733 τούτῳ
960 2640 1050 2709 ταῦτ’
1062 2640 1124 2709 ούκ
1135 2645 1248 2710 ἐλυσι-

293 2747 397 2829 τέλει,
421 2751 575 2828 φανερῶς
590 2740 643 2810 ὑπ’
664 2741 777 2810 αύτῶν
796 2740 1033 2830 ἐξελεγχομένῳ
1050 2750 1172 2808 τούτου
1186 2741 1246 2809 τὸν

293 2840 422 2926 τρόπον
433 2847 547 2927 λαβεῖν
559 2841 728 2910 διάλυσιν·
754 2841 798 2928 μη
812 2839 877 2926 γάρ
888 2838 1003 2927 οἴεσθ’,
1023 2834 1182 2926 ῶάνδρες
1193 2844 1245 2906 δι-

271 2987 276 2992 -
294 2942 423 3025 κασταί,
436 2939 514 3019 τούς
526 2941 654 3020 εἰδότας
666 2939 796 3009 ἅπαντα
812 2948 917 3008 ταῦτα
937 2941 1015 3007 νυνὶ
1026 2939 1087 3025 μέν
1105 2936 1246 3005 ὑποκιν-

294 3041 422 3118 δύνους
438 3037 561 3119 αύτούς
579 3034 802 3118 καθιστάντας
818 3037 890 3125 ε’μοί
903 3052 1099 3126 μαρτυρεῖν,
1120 3036 1193 3104 τότε
1209 3032 1243 3101 δ’

294 3137 483 3227 ὀμόσαντας
498 3138 580 3207 ἀλλο
597 3165 628 3205 τι
645 3145 771 3224 γνῶναι
788 3141 863 3225 περί
879 3135 999 3205 αὐτῶν.
1034 3133 1076 3204 ού
1093 3132 1158 3221 μην
1176 3133 1243 3202 ἀλλ’

293 3245 325 3307 εἰ
334 3239 390 3306 καί
409 3236 513 3324 μηδὲν
528 3238 659 3305 τούτων
675 3235 823 3324 ὑπῆρχεν
838 3235 933 3323 ἡμῖν,
957 3233 1031 3304 οὐδ’
1043 3232 1087 3313 ῶς
1101 3232 1245 3319 χαλεπόν

292 3340 363 3405 ἐστι
382 3344 511 3423 γνῶναι
535 3335 754 3422 περὶαύτῶν,
777 3334 930 3420 ὁπότεροι
952 3333 1082 3420 τάληθῆ
1098 3336 1241 3417 λέγουσι.

254 3465 284 3520 16
292 3439 369 3522 περὶ
379 3439 442 3522 μὲν
453 3433 517 3521 γάρ
529 3443 588 3522 τῆς
599 3441 718 3521 οἰκίας,
737 3441 767 3503 εἰ
783 3437 887 3520 φησίν
898 3430 952 3500 ὑπ’
965 3437 1046 3519 ἐμοῦ
1065 3436 1244 3500 πεισθέντα

290 3533 512 3603 Πολύευκτον
522 3535 702 3619 προστάξαι
712 3532 791 3612 τούς
803 3533 905 3618 ὅρους
916 3527 1030 3620 στῆσαι
1041 3541 1109 3600 τῶν
1118 3539 1242 3617 χιλίων,

292 3628 362 3701 ἀλλ’
375 3630 418 3700 ού
430 3632 539 3719 δήπου
549 3638 603 3700 καί
614 3632 692 3712 τούς
707 3633 878 3718 μάρτυρας
894 3637 1022 3717 ἐπεισα,
1041 3625 1241 3713 ῶΣπονδία,
1330 3676 1333 3683 .

290 3734 401 3818 ψευδῆ
412 3756 468 3818 μοι
479 3747 670 3818 μαρτυρεῖν,
678 3731 757 3811 τούς
766 3734 1055 3818 παραγενομένους
1068 3725 1113 3794 ὅτ’
1132 3724 1242 3812 ἠγγύα
