3159 4409
311 505 373 570 ωε
545 466 585 566 ω.
616 500 1032 564 Διιωοεοεαουε
1104 457 1112 466 ’

311 665 375 736 δάν
384 667 448 752 γάρ
455 691 503 745 τις
511 664 765 751 μισθωσάμενος
772 661 1263 751 τριηραρχίανέκπλεύση,πάν-
1270 680 1306 735 12³

310 791 367 844 τας
385 763 588 848 ἀνθρώπους
605 763 679 848 ἀγει
694 765 750 831 καὶ
766 765 875 848 φέρει,
898 764 951 830 καλ
962 761 1020 842 τάς
1030 762 1092 849 μὲν
1102 759 1263 848 ἀφελείας

310 868 378 952 ίδίηι
395 872 595 950 καρποῦται,
616 859 675 941 τάς
686 861 722 930 δὲ
732 865 826 940 δίκας
836 861 965 929 τούτων
975 859 993 930 ό
1005 859 1116 948 τυχών
1125 865 1264 929 δίδωσιν

309 960 415 1049 ὑμῶν,
427 964 482 1030 καὶ
495 963 610 1048 μόνοις
621 957 701 1045 ύμῖν
712 956 880 1046 οὐδαμόσε
889 961 979 1027 ἐστιν
990 958 1073 1027 ἀνευ
1082 967 1263 1046 κηρυκείου

310 1065 443 1148 βαδίσαι
459 1062 513 1128 διά
533 1059 591 1138 τὰς
608 1054 674 1125 ὑπό
692 1058 823 1125 τούτων
839 1057 1062 1144 ἀνδροληψίας
1082 1060 1138 1125 καλ
1159 1056 1264 1136 σύλας

268 1179 304 1234 14
311 1163 630 1244 κατεσκευασμένας·
651 1156 734 1225 ῶστε
750 1165 790 1246 τῇ
803 1155 837 1243 γ’
856 1156 997 1246 ἀληθείᾳ
1015 1163 1152 1225 σκοπῶν
1162 1155 1206 1224 ἀν
1215 1183 1264 1265 τις

311 1258 404 1345 εύροι
414 1255 472 1337 τάς
482 1257 635 1335 τοιαύτας
645 1257 788 1343 τριήρεις
799 1253 860 1342 οάχ
870 1254 953 1341 ὑπὲρ
963 1253 1076 1341 ὑμῶν,
1089 1252 1173 1322 ἀλλά
1184 1264 1256 1322 καθ

310 1356 406 1445 ὑμῶν
423 1359 687 1434 ἐκπεπλευκυίας.
720 1352 780 1422 τὸν
797 1351 861 1439 γάρ
873 1351 955 1437 ὑπὲρ
966 1362 1024 1440 τῆς
1033 1352 1162 1432 πόλεως
1171 1351 1263 1439 τριή-

311 1481 434 1542 ραρχον
450 1451 513 1523 οάκ
530 1451 596 1521 ἀπό
614 1462 683 1522 τῶν
698 1460 825 1521 κοινῶν
841 1449 1103 1539 προσδοκᾶνχρὴ
1115 1451 1264 1538 πλουτή-

311 1574 392 1639 σειν,
404 1550 477 1622 ἀλλ’
489 1551 554 1622 ἀπὸ
566 1561 635 1620 τῶν
646 1557 739 1620 ίδίων
749 1550 789 1620 τά
801 1561 858 1639 τῆς
867 1551 993 1631 πόλεως
1001 1548 1263 1637 ἐπανορθώσειν,

311 1664 401 1740 εῖπερ
412 1658 502 1720 ἔσται
512 1678 542 1720 τι
552 1661 621 1724 τῶν
632 1650 779 1719 δεόντων
791 1648 880 1737 ύμῖν.
920 1649 1048 1717 τούτων
1059 1653 1096 1717 δὲ
1105 1647 1264 1718 τάναντία

311 1754 446 1829 ἕκαστος
460 1749 612 1835 ἐγνωκώς
629 1753 754 1819 ἐκπλεῖ·
774 1753 829 1817 καὶ
845 1748 909 1835 γάρ
931 1776 982 1818 τοι
1001 1747 1041 1817 τά
1061 1756 1130 1816 τῶν
1151 1746 1264 1819 αὐτῶν
1283 1826 1286 1831 ,

311 1848 452 1935 τρόπων,
461 1845 677 1934 ἁμαρτήματα
691 1862 761 1926 ταῖς
776 1845 946 1933 ὑμετέραις
960 1847 1098 1934 βλάβαις
1119 1849 1265 1934 ἐπανορ-

269 1970 302 2023 15
311 1953 463 2016 θούυται.
495 1945 696 2014 καὶτούτων
712 1943 814 2013 οὐδέν
831 1949 920 2013 ἐστιν
934 1945 1066 2032 ἀλογον.
1098 1947 1265 2015 δεδοίκατε

310 2042 375 2132 γάρ
386 2057 454 2125 τοῖς
464 2047 679 2130 βουλομένοις
689 2041 831 2128 ἀδικεῖν,
850 2041 895 2112 ἀν
905 2048 966 2132 μὲν
977 2047 1147 2131 λάθωσιν,
1166 2052 1262 2133 ἔχειν,

312 2141 357 2212 ἀν
375 2147 411 2210 δὲ
426 2149 599 2230 ληφθῶσι,
621 2143 818 2230 συγγνώμης
833 2157 958 2230 τυχεῖν·
980 2159 1048 2224 τοῖς
1064 2137 1129 2213 οὖν
1140 2143 1264 2232 ἠμελη-

313 2244 389 2312 κόσι
405 2242 500 2328 δόξης
515 2241 609 2310 ἀδεια
625 2256 733 2310 ποιεῖν
748 2240 768 2310 ὅ
789 2268 821 2310 τι
842 2237 887 2310 ἀν
906 2241 1095 2329 βούλωνται
1114 2248 1263 2329 γέγονεν.

313 2349 381 2411 τῶν
392 2340 582 2427 μὲντοίννν
589 2343 730 2409 ἰδιωτῶν
739 2338 821 2419 τούς
831 2341 913 2427 μετά
924 2347 985 2409 τοῦ
996 2350 1119 2408 παθεῖν
1128 2341 1264 2428 μανθά-

313 2465 432 2520 νοντας
459 2438 707 2523 ἀπροσκέπτους
726 2437 945 2526 ὀνομάζομεν·
973 2436 1058 2525 ἀμᾶς
1078 2436 1123 2524 δ’,
1145 2443 1264 2520 οἵτινες

313 2536 391 2608 οὐδὲ
403 2539 608 2618 πεπονθότες
619 2538 776 2618 πολλάκις
785 2538 850 2624 ἤδη
861 2537 1084 2624 φυλάττεσθε,
1100 2542 1136 2604 τί
1142 2563 1192 2617 τις
1202 2563 1264 2606 κα-

312 2636 506 2716 λε’σειενάνς

269 2760 304 2814 16
390 2737 500 2816 ’Ἀξιον
515 2740 632 2802 τοίνυν
647 2737 703 2803 καὶ
718 2738 794 2820 περὶ
808 2743 877 2802 τῶν
892 2734 1138 2821 συνειρηκότων
1145 2740 1262 2804 εἰπεῖν.
1299 2767 1302 2772 ·

314 2834 402 2904 οὕτω
414 2833 479 2920 γὰρ
490 2830 652 2920 ἡγοῦνταί
660 2834 746 2913 τινες
756 2837 911 2913 ἐξουσίαν
922 2832 1005 2900 εἶναι
1015 2841 1110 2919 σφίσι
1120 2837 1177 2902 καί
1186 2859 1263 2902 ποι-

314 2949 363 3003 εῖν
374 2932 434 3003 ότι
444 2931 625 3020 βούλονται
634 2935 688 3001 καὶ
699 2937 807 3017 λέγειν
817 2929 896 3015 παρ’
907 2928 997 3017 ὑμῖν,
1011 2929 1095 2998 ώστε
1104 2938 1173 2999 τῶν
1183 2933 1263 3002 ποτέ

314 3031 655 3118 συγκατηγορούντων
680 3029 761 3118 μετά
778 3028 1038 3116 Ἀριστοφῶντος
1057 3033 1112 3099 καὶ
1133 3039 1264 3116 πικρῶν

314 3131 423 3199 όντων
438 3140 514 3209 τοῖς
522 3132 750 3217 μεμισθωκόσι
765 3128 824 3209 τάς
838 3137 1047 3218 τριηραρχίας
1061 3138 1128 3198 νῦν
1144 3131 1264 3201 κελεύ-

315 3238 392 3298 ουσί
408 3255 495 3309 τινες
515 3231 655 3309 τούτους
673 3238 900 3318 στεφανῶσαι,
922 3231 978 3298 καὶ
999 3235 1095 3300 δυοῖν
1113 3232 1263 3315 θάτερον

314 3329 536 3412 ἐξελέγχουσιν
556 3325 694 3412 αύτούς,
716 3324 740 3416 γ’γ’
760 3328 830 3398 τότ’
854 3335 1002 3410 ἐκείνους
1021 3328 1142 3410 ἀδίκως
1158 3350 1263 3398 συκο-

286 3444 288 3451 ’
314 3433 532 3512 φαντοῦντες,
554 3423 576 3514 ἢ
593 3435 659 3496 νύν
674 3428 778 3496 τοῖσδ’
795 3431 848 3497 ἐπὶ
863 3436 975 3519 μισθῷ
987 3437 1260 3515 συνηγορούυτες.

270 3552 303 3609 17
312 3528 367 3594 καὶ
377 3531 576 3610 χαρίσασθαι
586 3528 782 3597 κελεύουσιν
793 3527 895 3616 ὑμεῖς,
915 3526 1025 3614 ὥσπερ
1038 3532 1112 3613 περὶ
1124 3534 1260 3616 δωρεάς,

296 3621 388 3713 ἀλλ’
405 3620 447 3689 οά
466 3627 539 3710 περὶ
548 3634 749 3713 νικητηρίων
758 3637 827 3696 τῶν
836 3627 947 3712 λόγων
957 3625 1081 3712 όντων,
1102 3623 1190 3713 ἦκαὶ
1200 3627 1262 3712 χά-
1272 3653 1306 3710 ιχ

292 3718 297 3737 ’
311 3748 365 3808 ριν
378 3724 562 3808 τιθεμένων
573 3722 626 3793 διά
636 3733 704 3794 τῶν
714 3725 875 3795 τοωύτων
883 3740 951 3806 τοῖς
961 3723 1142 3812 ἀμελοῦσιν
1152 3721 1260 3812 ὑμῶν,
