3159 4409
242 548 243 553 x
315 495 404 582 ιιι,
505 498 595 556 xux.
632 491 1079 573 [Διιποεοεαονε]

282 672 284 684 “
314 656 376 744 μὲν
397 662 428 725 εί
446 655 615 726 ἐδάνεισεν
635 654 788 742 Τιμοθέῳ
805 656 842 720 ἐν
858 658 1049 742 Καλαυρείᾳ
1064 659 1169 738 χιλίας
1188 657 1272 738 δρα-

313 755 411 842 χμάς,
434 755 593 840 δεύτερον
610 749 642 820 δ’
662 756 693 819 εί
708 748 798 836 παρά
808 759 869 819 τοῦ
878 748 1003 838 πατρὸς
1014 757 1177 831 Φίλιππος
1188 749 1270 820 ἀπέ-

270 877 303 928 21
314 860 415 942 λαβεν
431 853 557 922 ἐνθάδε
575 859 673 920 τοῦτο
687 849 724 918 τὸ
736 847 906 935 ἀργύριον.
939 849 1058 938 σχεδὸν
1067 851 1129 938 μὲν
1139 843 1271 920 οὖνκαὶ

314 950 417 1032 αάτὸς
433 946 533 1030 οὗτος
544 948 705 1036 ὡμολόγει
715 947 856 1037 πρόςτῳ
866 954 1015 1037 διαιτητῇ
1024 947 1212 1019 ἀποδοῦναι
1220 957 1269 1039 τῷ

213 1092 216 1100 s
314 1058 467 1140 Φιλίππῳ
485 1048 546 1118 τὸν
563 1052 688 1133 πατέρα
698 1045 758 1115 τὸν
769 1045 850 1133 ἐμὸν
860 1045 917 1126 τάς
926 1053 1031 1133 χιλίας
1040 1047 1211 1134 δραχμάς,Ι
1226 1046 1268 1116 οά

314 1155 424 1238 μέντοι
440 1145 532 1237 αὐτῷ
542 1151 580 1233 γέ
590 1168 673 1234 φησι
684 1151 850 1230 δανεῖσαι,
872 1144 957 1214 ἀλλά
968 1155 1016 1236 τῳ
1024 1155 1173 1237 Βοιωτίῳ
1184 1173 1269 1216 ναν-

313 1251 413 1340 ἀρχῳ,
425 1250 480 1316 καί
489 1245 671 1316 ὑποθεῖναί
675 1265 778 1333 φησιν
787 1242 892 1314 αὐτὸν
900 1245 1022 1314 τούτου
1031 1253 1093 1315 τοῦ
1102 1243 1268 1333 ἀργυρίου

315 1347 448 1436 χαλκόν.
473 1343 516 1426 ὡς
528 1344 561 1415 δ’
573 1344 637 1414 οὐκ
648 1344 761 1432 ἀληθή
772 1350 900 1431 ἔλεγεν,
912 1343 986 1414 ἀλλ’
999 1343 1099 1425 αὐτὸς
1112 1344 1268 1414 δανεισά-

298 1468 411 1533 *μενος
425 1443 613 1530 ἀπεστέρει,
635 1443 700 1530 ἐγώ
719 1441 808 1530 ὑμάς
825 1445 962 1530 διδάξω,
984 1444 1268 1531 έπειδάνκαὶπερλ

313 1552 381 1612 τῶν
397 1541 509 1612 ἀλλων
519 1537 568 1612 ἀν
579 1541 705 1630 ὀφείλει
716 1541 796 1610 καθ’
810 1545 950 1612 ἕκαστον
960 1541 1040 1631 ὑμῖν
1050 1544 1265 1632 διηγήσωμαι.

269 1669 303 1722 22
395 1640 613 1728 Ἀφικομένου
629 1641 694 1729 γάρ
704 1640 856 1711 Ἀλκέτου
871 1634 1080 1722 καὶἸάσονος
1091 1640 1267 1722 ὡςτοῦτον

312 1744 350 1809 ἐν
369 1747 417 1828 τῳ”
436 1750 699 1828 μαιμακτηριῶνι
719 1742 799 1828 μηνὶ
815 1750 864 1828 τῷ
878 1739 929 1809 ἐπ’
945 1739 1092 1809 Ἀστείου
1108 1739 1267 1827 ἀρχοντος

312 1839 364 1905 έπί
380 1835 440 1904 τὸν
456 1835 572 1923 ἀγοῖνα
587 1835 647 1905 τὸν
663 1837 802 1922 τούτου,
824 1840 1065 1925 βοηθησόντων
1075 1838 1189 1927 αὐτῷ,
1211 1839 1267 1906 καί

216 2026 218 2030 ⁴
311 1940 547 2021 καταγομένων
563 1941 610 2015 είς
624 1934 687 2022 τήν
706 1942 814 2004 οίκίαν
824 1935 886 2023 τήν
895 1940 932 2006 ἐν
942 1935 1162 2026 Πειραιεῑτήν
1173 1941 1211 2007 έν
1224 1943 1265 2026 τῇ

273 2051 277 2060 “
308 2034 518 2124 Ἱπποδαμείᾳ
539 2035 677 2120 ἑσπέρας
697 2033 762 2122 ήδη
783 2032 901 2122 οὔσης,
929 2034 1159 2122 ἀπορούμενος
1172 2034 1264 2113 ,ἀπο-

312 2135 470 2212 δέξασθαι
498 2130 633 2219 αὐτοὺς,
662 2134 791 2219 πέμψας
813 2130 856 2212 ἀς
875 2132 936 2201 τόν
956 2137 1081 2220 πατέρα
1100 2133 1161 2203 τὸν
1182 2131 1264 2221 ἐμὸν

311 2237 502 2318 Αἰσχρίωνα
517 2229 578 2299 τὸν
594 2231 786 2301 ἀκόλουθον
799 2230 860 2301 τὸν
871 2230 976 2302 αὑτοῦ
987 2236 1160 2302 ἐκέλευσεν
1170 2232 1308 2320 αἰτή-119

312 2339 437 2398 σασθαι
454 2330 628 2417 στρώματα
646 2333 701 2410 καί
712 2332 824 2419 ίμάτια
834 2334 889 2400 καὶ
900 2333 1022 2419 φιάλας
1031 2330 1179 2420 ἀργυρᾶς
1190 2333 1263 2418 δυό,

269 2432 367 2498 mal
384 2437 474 2515 μνάν
489 2426 651 2516 ἀργυρίου
662 2435 889 2499 δανείσασθαι.
922 2429 1069 2510 ἀκούσας
1079 2429 1112 2498 δ’
1124 2427 1142 2497 ὁ
1155 2427 1263 2518 πατήρ

312 2525 331 2596 ὁ
351 2528 428 2615 ἑμδς
442 2538 503 2596 τοῦ
513 2536 717 2616 Αἰσχρίωνος
726 2530 850 2599 τούτου
859 2531 938 2609 τοάς
948 2555 983 2597 τε
993 2527 1198 2614 ἀφιγμένους
1208 2529 1264 2596 καί

311 2625 374 2713 τήν
384 2632 497 2712 χρείαν
508 2624 587 2705 είςά
599 2626 684 2715 ήτει,
702 2626 757 2715 ἐφ’
770 2627 792 2696 ἀ
803 2627 833 2696 τ’
846 2622 972 2715 ήλθον,
989 2632 1120 2714 ἔχρησε,
1134 2622 1191 2696 καὶ
1200 2626 1263 2714 τήν

313 2733 401 2812 μνάν
412 2732 472 2793 τοῦ
485 2723 663 2812 ἀργυρίου,
674 2724 717 2814 ἣν
726 2732 920 2812 ἐδανειζειο,
933 2726 1109 2795 έδάνεισεν.
1139 2723 1263 2793 ἀπολε-

313 2831 444 2914 λυμένῳ
456 2831 572 2892 τοίνυν
581 2833 638 2913 τῆς
647 2833 752 2906 αἰτίας
763 2823 867 2911 πολλή
878 2832 1073 2912 συνέβαινεν
1081 2821 1172 2914 αὐτῷ
1180 2821 1262 2910 μετά

312 2931 416 2990 ταῦτα
432 2924 608 3010 χρημάτων
624 2923 745 3010 ἀπορία
763 2934 810 3004 είς
825 2949 861 2991 τε
869 2923 927 3002 τάς
939 2929 1023 3002 ίδίας
1032 2928 1142 3009 χρείας
1151 2924 1207 2990 καὶ
1217 2926 1263 3001 είς

312 3019 371 3100 τάς
393 3025 550 3107 δημοσίας
572 3024 745 3110 είσφοράς,
767 3021 790 3090 ἀ
807 3020 899 3108 ὀροῖν
913 3018 932 3090 ὁ
949 3020 1055 3106 πατήρ
1071 3018 1089 3088 ὁ
1105 3019 1183 3106 ἐμὰς
1199 3017 1263 3105 οὐκ

269 3135 303 3188 24
312 3120 568 3206 ἐτόλματοῦτον
586 3120 691 3201 εὐθὺς
702 3120 851 3190 ἀπαιτεῖν
862 3120 898 3190 τδ
908 3118 1084 3208 ἀργύριον·
1107 3118 1262 3205 οὔτεγὰρ

312 3214 358 3286 ἀν
373 3227 494 3288 τοῦτον
511 3218 741 3310 εὐπορήσανθ’
758 3218 868 3307 ήγεϊτο
886 3218 1041 3306 ἀδικῆσαι
1062 3213 1168 3289 αὐτὸν
1188 3216 1262 3287 οὔτ’

312 3310 356 3382 ἀν
366 3313 465 3396 αὐτὸς
475 3314 667 3402 ἀποροῦντα
677 3324 800 3387 τοῦτον
809 3323 896 3405 ἔχειν
906 3317 1036 3387 ὁπόθεν
1047 3316 1261 3404 είσπράξειεν.

313 3413 423 3500 ἐπειδή
440 3423 556 3486 τοίνυν
572 3416 728 3504 ἀπῆλθον
739 3414 757 3485 ὅ
769 3443 805 3485 τε
812 3415 964 3495 Ἀλκέτας
973 3417 1028 3484 καί
1038 3413 1198 3499 ὁΊάσων,
1220 3412 1263 3484 k&

300 3516 374 3599 ’μὲν
389 3517 563 3604 στρωματα
579 3518 634 3584 καὶ
651 3513 691 3584 τά
710 3515 820 3603 ίμάτια
839 3513 939 3583 τιάλιν
950 3511 1262 3602 ἀπήνεγκενὸ-Αίσ-

312 3619 413 3700 χρίων
430 3612 447 3682 ὁ
466 3615 657 3694 ἀκόλουθος
674 3614 692 3684 ὁ
710 3617 849 3699 τούτου,
871 3613 931 3694 τάς
946 3615 983 3683 δὲ
999 3615 1120 3700 φιάλας
1128 3614 1188 3693 τάς
1197 3612 1260 3680 δύο

236 3801 238 3804 y
312 3709 375 3782 οὐκ
390 3711 593 3802 ἀπήνεγκεν,
615 3712 654 3795 ἀς
670 3715 815 3804 ᾐτήσατο
835 3713 952 3803 ὅτεπερ
969 3716 1025 3783 καὶ
1034 3712 1074 3782 τά
1085 3713 1262 3800 στρωματα
