<?xml version="1.0" encoding="UTF-8"?>
<!DOCTYPE html PUBLIC "-//W3C//DTD XHTML 1.0 Transitional//EN"
    "http://www.w3.org/TR/xhtml1/DTD/xhtml1-transitional.dtd">
<html xmlns="http://www.w3.org/1999/xhtml" xml:lang="en" lang="en">
 <head>
  <title>
</title>
<meta http-equiv="Content-Type" content="text/html;charset=utf-8" />
  <meta name='ocr-system' content='tesseract 3.04.00' />
  <meta name='ocr-capabilities' content='ocr_page ocr_carea ocr_par ocr_line ocrx_word'/>
</head>
<body>
  <div class='ocr_page' id='page_1' title='image "./orationesexrece02demogoog_0328.png"; bbox 0 0 3159 4409; ppageno 0'>
   <div class='ocr_carea' id='block_1_1' title="bbox 316 488 1060 578">
    <p class='ocr_par' dir='ltr' id='par_1_1' title="bbox 316 488 1060 578">
     <span class='ocr_line' id='line_1_1' title="bbox 316 488 1060 578; baseline 0.004 -19"><span class='ocrx_word' id='word_1_1' title='bbox 316 500 379 566; x_wconf 69' lang='grc' dir='ltr'><em>ωε</em></span> <span class='ocrx_word' id='word_1_2' title='bbox 528 502 594 560; x_wconf 71' lang='grc' dir='ltr'><em>ιτα.</em></span> <span class='ocrx_word' id='word_1_3' title='bbox 620 488 1060 578; x_wconf 61' lang='lat' dir='ltr'><em>[mmmmm]</em></span> 
     </span>
    </p>
   </div>
   <div class='ocr_carea' id='block_1_2' title="bbox 200 654 1315 3504">
    <p class='ocr_par' dir='ltr' id='par_1_2' title="bbox 267 654 1266 945">
     <span class='ocr_line' id='line_1_2' title="bbox 267 654 1266 749; baseline 0.003 -21"><span class='ocrx_word' id='word_1_4' title='bbox 267 686 270 690; x_wconf 55' lang='lat'><em>⁴</em></span> <span class='ocrx_word' id='word_1_5' title='bbox 317 661 419 739; x_wconf 86' lang='grc' dir='ltr'><em>αύτας</em></span> <span class='ocrx_word' id='word_1_6' title='bbox 429 663 564 745; x_wconf 72' lang='grc' dir='ltr'><em>έγχειρολ</em></span> <span class='ocrx_word' id='word_1_7' title='bbox 572 665 620 748; x_wconf 76' lang='grc' dir='ltr'><em>τῷ</em></span> <span class='ocrx_word' id='word_1_8' title='bbox 630 658 734 746; x_wconf 82' lang='grc' dir='ltr'><em>λόγφ·</em></span> <span class='ocrx_word' id='word_1_9' title='bbox 755 654 899 745; x_wconf 74' lang='grc' dir='ltr'><em>ἡγοῦμαι</em></span> <span class='ocrx_word' id='word_1_10' title='bbox 910 660 946 728; x_wconf 76' lang='grc' dir='ltr'><em>δὲ</em></span> <span class='ocrx_word' id='word_1_11' title='bbox 956 661 1081 740; x_wconf 83' lang='grc' dir='ltr'><em>πάντας</em></span> <span class='ocrx_word' id='word_1_12' title='bbox 1091 657 1135 730; x_wconf 81' lang='grc' dir='ltr'><em>ἀν</em></span> <span class='ocrx_word' id='word_1_13' title='bbox 1144 658 1266 749; x_wconf 90' lang='grc' dir='ltr'><em>ὁμολο-</em></span> 
     </span>
     <span class='ocr_line' id='line_1_3' title="bbox 317 754 1265 845; baseline 0.003 -19"><span class='ocrx_word' id='word_1_14' title='bbox 317 765 418 845; x_wconf 80' lang='grc' dir='ltr'><em>γησαί</em></span> <span class='ocrx_word' id='word_1_15' title='bbox 424 784 480 843; x_wconf 87' lang='grc' dir='ltr'><em>μοι</em></span> <span class='ocrx_word' id='word_1_16' title='bbox 488 771 556 839; x_wconf 79' lang='grc' dir='ltr'><em>τοῖς</em></span> <span class='ocrx_word' id='word_1_17' title='bbox 565 757 770 844; x_wconf 81' lang='grc' dir='ltr'><em>τηλικούτοις</em></span> <span class='ocrx_word' id='word_1_18' title='bbox 780 754 920 840; x_wconf 79' lang='grc' dir='ltr'><em>μάλιστα</em></span> <span class='ocrx_word' id='word_1_19' title='bbox 929 767 1134 844; x_wconf 85' lang='grc' dir='ltr'><em>κατεπείγειν</em></span> <span class='ocrx_word' id='word_1_20' title='bbox 1143 761 1265 842; x_wconf 78' lang='grc' dir='ltr'><em>κάλλος</em></span> 
     </span>
     <span class='ocr_line' id='line_1_4' title="bbox 316 852 1263 945; baseline 0.003 -21"><span class='ocrx_word' id='word_1_21' title='bbox 316 857 377 943; x_wconf 74' lang='grc' dir='ltr'><em>μὲν</em></span> <span class='ocrx_word' id='word_1_22' title='bbox 388 859 440 924; x_wconf 76' lang='grc' dir='ltr'><em>ἐπὶ</em></span> <span class='ocrx_word' id='word_1_23' title='bbox 449 863 507 942; x_wconf 80' lang='grc' dir='ltr'><em>τῆς</em></span> <span class='ocrx_word' id='word_1_24' title='bbox 518 854 642 940; x_wconf 77' lang='grc' dir='ltr'><em>ὄφεως,</em></span> <span class='ocrx_word' id='word_1_25' title='bbox 654 854 880 942; x_wconf 78' lang='grc' dir='ltr'><em>σωφροσύνην</em></span> <span class='ocrx_word' id='word_1_26' title='bbox 891 852 924 923; x_wconf 84' lang='grc' dir='ltr'><em>δ’</em></span> <span class='ocrx_word' id='word_1_27' title='bbox 938 858 991 924; x_wconf 78' lang='grc' dir='ltr'><em>ἐπὶ</em></span> <span class='ocrx_word' id='word_1_28' title='bbox 999 865 1058 943; x_wconf 81' lang='grc' dir='ltr'><em>τῆς</em></span> <span class='ocrx_word' id='word_1_29' title='bbox 1069 866 1191 945; x_wconf 78' lang='grc' dir='ltr'><em>ψυχῆς,</em></span> <span class='ocrx_word' id='word_1_30' title='bbox 1203 857 1263 927; x_wconf 87' lang='grc' dir='ltr'><em>ἀν-</em></span> 
     </span>
    </p>

    <p class='ocr_par' dir='ltr' id='par_1_3' title="bbox 200 949 1315 1433">
     <span class='ocr_line' id='line_1_5' title="bbox 200 949 1265 1040; baseline 0.004 -19"><span class='ocrx_word' id='word_1_31' title='bbox 200 973 201 981; x_wconf 76' lang='grc'>’</span> <span class='ocrx_word' id='word_1_32' title='bbox 317 959 431 1038; x_wconf 88' lang='grc' dir='ltr'><em>δρείαν</em></span> <span class='ocrx_word' id='word_1_33' title='bbox 442 952 474 1020; x_wconf 88' lang='grc' dir='ltr'><em>δ’</em></span> <span class='ocrx_word' id='word_1_34' title='bbox 486 949 533 1022; x_wconf 81' lang='grc' dir='ltr'><em>ἐπ’</em></span> <span class='ocrx_word' id='word_1_35' title='bbox 546 951 746 1039; x_wconf 76' lang='grc' dir='ltr'><em>ἀμφοτέρων</em></span> <span class='ocrx_word' id='word_1_36' title='bbox 754 952 893 1040; x_wconf 89' lang='grc' dir='ltr'><em>τούτων,</em></span> <span class='ocrx_word' id='word_1_37' title='bbox 904 953 1003 1039; x_wconf 82' lang='grc' dir='ltr'><em>χάριν</em></span> <span class='ocrx_word' id='word_1_38' title='bbox 1015 950 1047 1021; x_wconf 92' lang='grc' dir='ltr'><em>δ’</em></span> <span class='ocrx_word' id='word_1_39' title='bbox 1062 957 1115 1023; x_wconf 82' lang='grc' dir='ltr'><em>έπλ</em></span> <span class='ocrx_word' id='word_1_40' title='bbox 1124 963 1195 1024; x_wconf 81' lang='grc' dir='ltr'><em>τῶν</em></span> <span class='ocrx_word' id='word_1_41' title='bbox 1206 958 1265 1026; x_wconf 90' lang='grc' dir='ltr'><em>λό·</em></span> 
     </span>
     <span class='ocr_line' id='line_1_6' title="bbox 315 1043 1263 1139; baseline 0.002 -19"><span class='ocrx_word' id='word_1_42' title='bbox 315 1079 386 1137; x_wconf 90' lang='grc' dir='ltr'><em>γων</em></span> <span class='ocrx_word' id='word_1_43' title='bbox 402 1057 561 1121; x_wconf 75' lang='grc' dir='ltr'><strong><em>διατελεῖν</em></strong></span> <span class='ocrx_word' id='word_1_44' title='bbox 578 1057 718 1137; x_wconf 81' lang='grc' dir='ltr'><em>ἔχοντας.</em></span> <span class='ocrx_word' id='word_1_45' title='bbox 752 1043 802 1118; x_wconf 70' lang='grc' dir='ltr'><em>τόν</em></span> <span class='ocrx_word' id='word_1_46' title='bbox 817 1045 857 1118; x_wconf 87' lang='grc' dir='ltr'><em>τά</em></span> <span class='ocrx_word' id='word_1_47' title='bbox 875 1052 936 1137; x_wconf 78' lang='grc' dir='ltr'><em>μὲν</em></span> <span class='ocrx_word' id='word_1_48' title='bbox 950 1059 1008 1139; x_wconf 81' lang='grc' dir='ltr'><em>τῆς</em></span> <span class='ocrx_word' id='word_1_49' title='bbox 1025 1051 1159 1138; x_wconf 84' lang='grc' dir='ltr'><em>φύσεως</em></span> <span class='ocrx_word' id='word_1_50' title='bbox 1175 1053 1263 1122; x_wconf 77' lang='grc' dir='ltr'><em>οὕτω</em></span> 
     </span>
     <span class='ocr_line' id='line_1_7' title="bbox 316 1148 1263 1238; baseline 0.005 -21"><span class='ocrx_word' id='word_1_51' title='bbox 316 1148 453 1236; x_wconf 79' lang='grc' dir='ltr'><em>καλῶςὴ</em></span> <span class='ocrx_word' id='word_1_52' title='bbox 463 1149 545 1236; x_wconf 89' lang='grc' dir='ltr'><em>τύχη</em></span> <span class='ocrx_word' id='word_1_53' title='bbox 557 1168 610 1218; x_wconf 90' lang='grc' dir='ltr'><em>σοι</em></span> <span class='ocrx_word' id='word_1_54' title='bbox 626 1151 861 1232; x_wconf 72' lang='grc' dir='ltr'><em>παραδέδωκεν</em></span> <span class='ocrx_word' id='word_1_55' title='bbox 878 1150 961 1218; x_wconf 77' lang='grc' dir='ltr'><em>ὥστε</em></span> <span class='ocrx_word' id='word_1_56' title='bbox 978 1157 1199 1238; x_wconf 84' lang='grc' dir='ltr'><em>περίβλεπτον</em></span> <span class='ocrx_word' id='word_1_57' title='bbox 1208 1154 1263 1222; x_wconf 78' lang='grc' dir='ltr'><em>καλ</em></span> 
     </span>
     <span class='ocr_line' id='line_1_8' title="bbox 315 1245 1315 1337; baseline 0.002 -20"><span class='ocrx_word' id='word_1_58' title='bbox 315 1247 571 1334; x_wconf 76' lang='grc' dir='ltr'><em>θαυμαζόμενον</em></span> <span class='ocrx_word' id='word_1_59' title='bbox 581 1252 755 1332; x_wconf 66' lang='grc' dir='ltr'><em>διατελεῖν,</em></span> <span class='ocrx_word' id='word_1_60' title='bbox 768 1247 809 1313; x_wconf 82' lang='grc' dir='ltr'><em>τὰ</em></span> <span class='ocrx_word' id='word_1_61' title='bbox 820 1245 853 1314; x_wconf 89' lang='grc' dir='ltr'><em>δ’</em></span> <span class='ocrx_word' id='word_1_62' title='bbox 866 1246 966 1327; x_wconf 79' lang='grc' dir='ltr'><em>αὐτὸς</em></span> <span class='ocrx_word' id='word_1_63' title='bbox 976 1246 1065 1333; x_wconf 85' lang='grc' dir='ltr'><em>παρά</em></span> <span class='ocrx_word' id='word_1_64' title='bbox 1076 1248 1139 1337; x_wconf 78' lang='grc' dir='ltr'><em>τὴν</em></span> <span class='ocrx_word' id='word_1_65' title='bbox 1148 1252 1262 1337; x_wconf 82' lang='grc' dir='ltr'><em>έπιμέ-</em></span> <span class='ocrx_word' id='word_1_66' title='bbox 1270 1264 1315 1319; x_wconf 74' lang='grc'><em>1401</em></span> 
     </span>
     <span class='ocr_line' id='line_1_9' title="bbox 317 1343 1262 1433; baseline 0.003 -20"><span class='ocrx_word' id='word_1_67' title='bbox 317 1352 465 1425; x_wconf 87' lang='grc' dir='ltr'><em>λειανείς</em></span> <span class='ocrx_word' id='word_1_68' title='bbox 476 1354 574 1414; x_wconf 83' lang='grc' dir='ltr'><em>τοῦτο</em></span> <span class='ocrx_word' id='word_1_69' title='bbox 591 1345 791 1431; x_wconf 74' lang='grc' dir='ltr'><em>προαγαγών</em></span> <span class='ocrx_word' id='word_1_70' title='bbox 802 1343 909 1431; x_wconf 79' lang='grc' dir='ltr'><em>ἥκεις,</em></span> <span class='ocrx_word' id='word_1_71' title='bbox 931 1343 1014 1413; x_wconf 78' lang='grc' dir='ltr'><em>ὥστε</em></span> <span class='ocrx_word' id='word_1_72' title='bbox 1029 1344 1139 1433; x_wconf 88' lang='grc' dir='ltr'><em>μηδέν’</em></span> <span class='ocrx_word' id='word_1_73' title='bbox 1153 1347 1262 1416; x_wconf 83' lang='grc' dir='ltr'><em>ἀνσοι</em></span> 
     </span>
    </p>

    <p class='ocr_par' dir='ltr' id='par_1_4' title="bbox 290 1438 1261 2218">
     <span class='ocr_line' id='line_1_10' title="bbox 290 1438 1261 1531; baseline 0.004 -19"><span class='ocrx_word' id='word_1_74' title='bbox 290 1452 383 1518; x_wconf 74' lang='grc' dir='ltr'><em>9το5ν</em></span> <span class='ocrx_word' id='word_1_75' title='bbox 393 1438 432 1517; x_wconf 77' lang='grc' dir='ltr'><em>εὖ</em></span> <span class='ocrx_word' id='word_1_76' title='bbox 443 1445 663 1531; x_wconf 90' lang='grc' dir='ltr'><em>φρονούντων</em></span> <span class='ocrx_word' id='word_1_77' title='bbox 673 1447 866 1530; x_wconf 78' lang='grc' dir='ltr'><em>ἐπιτιμῆσαι.</em></span> <span class='ocrx_word' id='word_1_78' title='bbox 894 1449 999 1510; x_wconf 88' lang='grc' dir='ltr'><em>καίτοι</em></span> <span class='ocrx_word' id='word_1_79' title='bbox 1007 1450 1042 1511; x_wconf 90' lang='grc' dir='ltr'><em>τί</em></span> <span class='ocrx_word' id='word_1_80' title='bbox 1051 1444 1113 1531; x_wconf 75' lang='grc' dir='ltr'><em>χρὴ</em></span> <span class='ocrx_word' id='word_1_81' title='bbox 1124 1444 1185 1514; x_wconf 88' lang='grc' dir='ltr'><em>τὸν</em></span> <span class='ocrx_word' id='word_1_82' title='bbox 1195 1456 1261 1516; x_wconf 69' lang='grc' dir='ltr'><em>τοῖν</em></span> 
     </span>
     <span class='ocr_line' id='line_1_11' title="bbox 316 1539 1261 1632; baseline 0.003 -21"><span class='ocrx_word' id='word_1_83' title='bbox 316 1550 477 1631; x_wconf 88' lang='grc' dir='ltr'><em>μεγίστων</em></span> <span class='ocrx_word' id='word_1_84' title='bbox 486 1547 631 1612; x_wconf 80' lang='grc' dir='ltr'><em>ἐπαίνων</em></span> <span class='ocrx_word' id='word_1_85' title='bbox 641 1542 750 1625; x_wconf 73' lang='grc' dir='ltr'><em>ἀξίους</em></span> <span class='ocrx_word' id='word_1_86' title='bbox 771 1541 833 1628; x_wconf 86' lang='grc' dir='ltr'><em>ούχ</em></span> <span class='ocrx_word' id='word_1_87' title='bbox 849 1539 1064 1629; x_wconf 76' lang='grc' dir='ltr'><em>ὑπὸμὲντιόν</em></span> <span class='ocrx_word' id='word_1_88' title='bbox 1074 1544 1261 1632; x_wconf 75' lang='grc' dir='ltr'><em>δεῶνῆγα-</em></span> 
     </span>
     <span class='ocr_line' id='line_1_12' title="bbox 315 1638 1260 1730; baseline 0.003 -21"><span class='ocrx_word' id='word_1_89' title='bbox 315 1645 463 1727; x_wconf 84' lang='grc' dir='ltr'><em>πημένον</em></span> <span class='ocrx_word' id='word_1_90' title='bbox 479 1649 676 1727; x_wconf 78' lang='grc' dir='ltr'><em>φαίνεσθαι,</em></span> <span class='ocrx_word' id='word_1_91' title='bbox 697 1638 786 1726; x_wconf 76' lang='grc' dir='ltr'><em>παρὰ</em></span> <span class='ocrx_word' id='word_1_92' title='bbox 805 1639 841 1708; x_wconf 75' lang='grc' dir='ltr'><em>δέ</em></span> <span class='ocrx_word' id='word_1_93' title='bbox 858 1654 927 1719; x_wconf 79' lang='grc' dir='ltr'><em>τοῖς</em></span> <span class='ocrx_word' id='word_1_94' title='bbox 941 1639 1134 1730; x_wconf 71' lang='grc' dir='ltr'><em>ἀνθρώποις</em></span> <span class='ocrx_word' id='word_1_95' title='bbox 1145 1641 1187 1711; x_wconf 86' lang='grc' dir='ltr'><em>τά</em></span> <span class='ocrx_word' id='word_1_96' title='bbox 1199 1645 1260 1730; x_wconf 73' lang='grc' dir='ltr'><em>μὲν</em></span> 
     </span>
     <span class='ocr_line' id='line_1_13' title="bbox 316 1735 1256 1826; baseline 0.006 -20"><span class='ocrx_word' id='word_1_97' title='bbox 316 1737 353 1806; x_wconf 89' lang='grc' dir='ltr'>δί</span> <span class='ocrx_word' id='word_1_98' title='bbox 366 1735 484 1824; x_wconf 82' lang='grc' dir='ltr'><em>αὑτὸν,</em></span> <span class='ocrx_word' id='word_1_99' title='bbox 506 1736 547 1807; x_wconf 82' lang='grc' dir='ltr'><em>τόι</em></span> <span class='ocrx_word' id='word_1_100' title='bbox 569 1740 604 1808; x_wconf 71' lang='grc' dir='ltr'><em>δὲ</em></span> <span class='ocrx_word' id='word_1_101' title='bbox 626 1739 680 1807; x_wconf 80' lang='grc' dir='ltr'><em>διὰ</em></span> <span class='ocrx_word' id='word_1_102' title='bbox 697 1737 760 1825; x_wconf 81' lang='grc' dir='ltr'><em>τὴν</em></span> <span class='ocrx_word' id='word_1_103' title='bbox 780 1739 883 1826; x_wconf 82' lang='grc' dir='ltr'><em>τύχην</em></span> <span class='ocrx_word' id='word_1_104' title='bbox 903 1740 1148 1826; x_wconf 73' lang='grc' dir='ltr'><em>θαυμάζεσδαι;</em></span> <span class='ocrx_word' id='word_1_105' title='bbox 1181 1739 1256 1812; x_wconf 71' lang='grc' dir='ltr'><em>καθ’</em></span> 
     </span>
     <span class='ocr_line' id='line_1_14' title="bbox 314 1835 1258 1928; baseline 0.005 -24"><span class='ocrx_word' id='word_1_106' title='bbox 314 1836 396 1904; x_wconf 81' lang='grc' dir='ltr'><em>ὅλον</em></span> <span class='ocrx_word' id='word_1_107' title='bbox 416 1839 477 1923; x_wconf 75' lang='grc' dir='ltr'><em>μὲν</em></span> <span class='ocrx_word' id='word_1_108' title='bbox 498 1845 612 1905; x_wconf 90' lang='grc' dir='ltr'><em>τοίνυν</em></span> <span class='ocrx_word' id='word_1_109' title='bbox 632 1845 701 1906; x_wconf 81' lang='grc' dir='ltr'><em>τεόν</em></span> <span class='ocrx_word' id='word_1_110' title='bbox 723 1835 941 1927; x_wconf 73' lang='grc' dir='ltr'><em>ύπαρχόιπων</em></span> <span class='ocrx_word' id='word_1_111' title='bbox 963 1859 1016 1906; x_wconf 89' lang='grc' dir='ltr'><em>σοι</em></span> <span class='ocrx_word' id='word_1_112' title='bbox 1032 1838 1115 1924; x_wconf 85' lang='grc' dir='ltr'><em>πρὸς</em></span> <span class='ocrx_word' id='word_1_113' title='bbox 1130 1838 1258 1928; x_wconf 79' lang='grc' dir='ltr'><em>,ἀρετὴν</em></span> 
     </span>
     <span class='ocr_line' id='line_1_15' title="bbox 314 1933 1258 2022; baseline 0.004 -19"><span class='ocrx_word' id='word_1_114' title='bbox 314 1945 392 2014; x_wconf 73' lang='grc' dir='ltr'><em>ἴσως</em></span> <span class='ocrx_word' id='word_1_115' title='bbox 401 1935 541 2020; x_wconf 78' lang='grc' dir='ltr'><em>ὕστερον</em></span> <span class='ocrx_word' id='word_1_116' title='bbox 552 1933 688 2022; x_wconf 84' lang='grc' dir='ltr'><em>ἁρμόσει</em></span> <span class='ocrx_word' id='word_1_117' title='bbox 697 1933 737 2003; x_wconf 87' lang='grc' dir='ltr'><em>τά</em></span> <span class='ocrx_word' id='word_1_118' title='bbox 748 1945 849 2003; x_wconf 88' lang='grc' dir='ltr'><em>πλείω</em></span> <span class='ocrx_word' id='word_1_119' title='bbox 860 1941 1018 2004; x_wconf 77' lang='grc' dir='ltr'><em>διελθεῖν·</em></span> <span class='ocrx_word' id='word_1_120' title='bbox 1040 1934 1104 2004; x_wconf 74' lang='grc' dir='ltr'><em>ἅδ’</em></span> <span class='ocrx_word' id='word_1_121' title='bbox 1117 1939 1258 2007; x_wconf 85' lang='grc' dir='ltr'><em>έκάστον</em></span> 
     </span>
     <span class='ocr_line' id='line_1_16' title="bbox 313 2034 1257 2123; baseline 0.006 -23"><span class='ocrx_word' id='word_1_122' title='bbox 313 2034 441 2100; x_wconf 89' lang='grc' dir='ltr'><em>τούτων</em></span> <span class='ocrx_word' id='word_1_123' title='bbox 451 2034 595 2119; x_wconf 77' lang='grc' dir='ltr'><em>έγκοέμια</em></span> <span class='ocrx_word' id='word_1_124' title='bbox 606 2041 709 2102; x_wconf 83' lang='grc' dir='ltr'><em>είπείν</em></span> <span class='ocrx_word' id='word_1_125' title='bbox 719 2038 798 2119; x_wconf 85' lang='grc' dir='ltr'><em>έχω,</em></span> <span class='ocrx_word' id='word_1_126' title='bbox 821 2040 923 2101; x_wconf 84' lang='grc' dir='ltr'><em>ταῦτα</em></span> <span class='ocrx_word' id='word_1_127' title='bbox 939 2039 1085 2122; x_wconf 75' lang='grc' dir='ltr'><em>δηλῶσαι</em></span> <span class='ocrx_word' id='word_1_128' title='bbox 1100 2035 1257 2123; x_wconf 79' lang='grc' dir='ltr'><em>πειράσο-</em></span> 
     </span>
     <span class='ocr_line' id='line_1_17' title="bbox 312 2128 619 2218; baseline 0.007 -20"><span class='ocrx_word' id='word_1_129' title='bbox 312 2158 370 2217; x_wconf 90' lang='grc' dir='ltr'><em>μαι</em></span> <span class='ocrx_word' id='word_1_130' title='bbox 380 2128 444 2218; x_wconf 89' lang='grc' dir='ltr'><em>μετ’</em></span> <span class='ocrx_word' id='word_1_131' title='bbox 457 2129 619 2218; x_wconf 77' lang='grc' dir='ltr'><em>ἀληθείας.</em></span> 
     </span>
    </p>

    <p class='ocr_par' dir='ltr' id='par_1_5' title="bbox 273 2230 1256 2815">
     <span class='ocr_line' id='line_1_18' title="bbox 273 2230 1256 2319; baseline 0.002 -18"><span class='ocrx_word' id='word_1_132' title='bbox 273 2250 305 2301; x_wconf 88' lang='grc'><em>10</em></span> <span class='ocrx_word' id='word_1_133' title='bbox 389 2230 547 2316; x_wconf 81' lang='grc' dir='ltr'><em>’Ἀρξομαι</em></span> <span class='ocrx_word' id='word_1_134' title='bbox 558 2233 593 2298; x_wconf 70' lang='grc' dir='ltr'><em>δέ</em></span> <span class='ocrx_word' id='word_1_135' title='bbox 603 2239 737 2318; x_wconf 76' lang='grc' dir='ltr'><em>πρῶτον</em></span> <span class='ocrx_word' id='word_1_136' title='bbox 747 2233 903 2317; x_wconf 79' lang='grc' dir='ltr'><em>ἐπαινεῖν,</em></span> <span class='ocrx_word' id='word_1_137' title='bbox 926 2230 1008 2318; x_wconf 87' lang='grc' dir='ltr'><em>ὅπερ</em></span> <span class='ocrx_word' id='word_1_138' title='bbox 1020 2241 1152 2319; x_wconf 75' lang='grc' dir='ltr'><em>πρῶτον</em></span> <span class='ocrx_word' id='word_1_139' title='bbox 1164 2239 1256 2303; x_wconf 86' lang='grc' dir='ltr'><em>ίδού-</em></span> 
     </span>
     <span class='ocr_line' id='line_1_19' title="bbox 314 2327 1254 2419; baseline 0.005 -22"><span class='ocrx_word' id='word_1_140' title='bbox 314 2349 368 2397; x_wconf 89' lang='grc' dir='ltr'><em>σιν</em></span> <span class='ocrx_word' id='word_1_141' title='bbox 379 2327 503 2398; x_wconf 80' lang='grc' dir='ltr'><em>ἅπασιν</em></span> <span class='ocrx_word' id='word_1_142' title='bbox 513 2335 580 2398; x_wconf 80' lang='grc' dir='ltr'><em>ἔστι</em></span> <span class='ocrx_word' id='word_1_143' title='bbox 588 2339 715 2416; x_wconf 75' lang='grc' dir='ltr'><em>γνῶναί</em></span> <span class='ocrx_word' id='word_1_144' title='bbox 724 2349 804 2416; x_wconf 87' lang='grc' dir='ltr'><em>σου,</em></span> <span class='ocrx_word' id='word_1_145' title='bbox 816 2332 853 2398; x_wconf 89' lang='grc' dir='ltr'>τό</span> <span class='ocrx_word' id='word_1_146' title='bbox 864 2330 999 2419; x_wconf 80' lang='grc' dir='ltr'><em>κάλλος,</em></span> <span class='ocrx_word' id='word_1_147' title='bbox 1020 2336 1074 2401; x_wconf 82' lang='grc' dir='ltr'><em>καὶ</em></span> <span class='ocrx_word' id='word_1_148' title='bbox 1084 2333 1209 2402; x_wconf 90' lang='grc' dir='ltr'><em>τούτου</em></span> <span class='ocrx_word' id='word_1_149' title='bbox 1219 2329 1254 2401; x_wconf 81' lang='grc' dir='ltr'><em>τό</em></span> 
     </span>
     <span class='ocr_line' id='line_1_20' title="bbox 312 2421 1254 2518; baseline 0.003 -23"><span class='ocrx_word' id='word_1_150' title='bbox 312 2438 443 2515; x_wconf 72' lang='grc' dir='ltr'><em>χρῶμα,</em></span> <span class='ocrx_word' id='word_1_151' title='bbox 465 2427 502 2496; x_wconf 88' lang='grc' dir='ltr'><em>δι’</em></span> <span class='ocrx_word' id='word_1_152' title='bbox 516 2421 560 2497; x_wconf 85' lang='grc' dir='ltr'><em>ού</em></span> <span class='ocrx_word' id='word_1_153' title='bbox 573 2434 628 2499; x_wconf 84' lang='grc' dir='ltr'><em>καλ</em></span> <span class='ocrx_word' id='word_1_154' title='bbox 639 2428 679 2497; x_wconf 85' lang='grc' dir='ltr'><em>τά</em></span> <span class='ocrx_word' id='word_1_155' title='bbox 690 2433 771 2515; x_wconf 84' lang='grc' dir='ltr'><em>μέλη</em></span> <span class='ocrx_word' id='word_1_156' title='bbox 783 2431 839 2497; x_wconf 81' lang='grc' dir='ltr'><em>καὶ</em></span> <span class='ocrx_word' id='word_1_157' title='bbox 850 2427 930 2497; x_wconf 85' lang='grc' dir='ltr'><em>ὅλον</em></span> <span class='ocrx_word' id='word_1_158' title='bbox 939 2427 977 2497; x_wconf 85' lang='grc' dir='ltr'><em>τό</em></span> <span class='ocrx_word' id='word_1_159' title='bbox 988 2437 1082 2516; x_wconf 73' lang='grc' dir='ltr'><em>σῶμα</em></span> <span class='ocrx_word' id='word_1_160' title='bbox 1093 2440 1254 2518; x_wconf 87' lang='grc' dir='ltr'><em>φαίνεται.</em></span> 
     </span>
     <span class='ocr_line' id='line_1_21' title="bbox 314 2520 1254 2616; baseline 0.005 -23"><span class='ocrx_word' id='word_1_161' title='bbox 314 2520 343 2614; x_wconf 69' lang='grc' dir='ltr'><em>φ’</em></span> <span class='ocrx_word' id='word_1_162' title='bbox 352 2536 425 2596; x_wconf 88' lang='grc' dir='ltr'><em>τίνα</em></span> <span class='ocrx_word' id='word_1_163' title='bbox 438 2528 667 2615; x_wconf 83' lang='grc' dir='ltr'><em>ἁρμόττουσαν</em></span> <span class='ocrx_word' id='word_1_164' title='bbox 677 2529 791 2597; x_wconf 86' lang='grc' dir='ltr'><em>είκόνα</em></span> <span class='ocrx_word' id='word_1_165' title='bbox 807 2529 930 2613; x_wconf 79' lang='grc' dir='ltr'><em>ἐνέγκω</em></span> <span class='ocrx_word' id='word_1_166' title='bbox 947 2536 1080 2596; x_wconf 78' lang='grc' dir='ltr'><em>σκοπῶν</em></span> <span class='ocrx_word' id='word_1_167' title='bbox 1097 2528 1159 2616; x_wconf 82' lang='grc' dir='ltr'><em>οὐχ</em></span> <span class='ocrx_word' id='word_1_168' title='bbox 1176 2527 1254 2616; x_wconf 77' lang='grc' dir='ltr'><em>ὁρῶ,</em></span> 
     </span>
     <span class='ocr_line' id='line_1_22' title="bbox 313 2623 1254 2712; baseline 0.006 -21"><span class='ocrx_word' id='word_1_169' title='bbox 313 2624 396 2692; x_wconf 81' lang='grc' dir='ltr'><em>ἀλλὰ</em></span> <span class='ocrx_word' id='word_1_170' title='bbox 413 2633 609 2711; x_wconf 88' lang='grc' dir='ltr'><em>παρίσταταί</em></span> <span class='ocrx_word' id='word_1_171' title='bbox 621 2653 676 2711; x_wconf 90' lang='grc' dir='ltr'><em>μοι</em></span> <span class='ocrx_word' id='word_1_172' title='bbox 693 2631 824 2710; x_wconf 71' lang='grc' dir='ltr'><em>δεῖσθαι</em></span> <span class='ocrx_word' id='word_1_173' title='bbox 842 2633 910 2693; x_wconf 74' lang='grc' dir='ltr'><em>τῶν</em></span> <span class='ocrx_word' id='word_1_174' title='bbox 925 2623 1141 2712; x_wconf 76' lang='grc' dir='ltr'><em>ἀναγνόντων</em></span> <span class='ocrx_word' id='word_1_175' title='bbox 1157 2629 1254 2697; x_wconf 84' lang='grc' dir='ltr'><em>τόνδε</em></span> 
     </span>
     <span class='ocr_line' id='line_1_23' title="bbox 313 2720 1254 2815; baseline 0.007 -26"><span class='ocrx_word' id='word_1_176' title='bbox 313 2720 373 2791; x_wconf 87' lang='grc' dir='ltr'><em>τόν</em></span> <span class='ocrx_word' id='word_1_177' title='bbox 383 2724 485 2807; x_wconf 93' lang='grc' dir='ltr'><em>λόγον</em></span> <span class='ocrx_word' id='word_1_178' title='bbox 496 2725 533 2791; x_wconf 75' lang='grc' dir='ltr'><em>σέ</em></span> <span class='ocrx_word' id='word_1_179' title='bbox 543 2732 713 2810; x_wconf 75' lang='grc' dir='ltr'><em>θεωρῆσαι</em></span> <span class='ocrx_word' id='word_1_180' title='bbox 723 2727 777 2791; x_wconf 78' lang='grc' dir='ltr'><em>καὶ</em></span> <span class='ocrx_word' id='word_1_181' title='bbox 789 2728 882 2810; x_wconf 85' lang='grc' dir='ltr'><em>ίδείν,</em></span> <span class='ocrx_word' id='word_1_182' title='bbox 894 2728 949 2793; x_wconf 67' lang='grc' dir='ltr'><em>’ύνα</em></span> <span class='ocrx_word' id='word_1_183' title='bbox 960 2727 1158 2814; x_wconf 78' lang='grc' dir='ltr'><em>συγγνώμης</em></span> <span class='ocrx_word' id='word_1_184' title='bbox 1167 2729 1254 2815; x_wconf 88' lang='grc' dir='ltr'><em>τύχω</em></span> 
     </span>
    </p>

    <p class='ocr_par' dir='ltr' id='par_1_6' title="bbox 270 2819 1256 3504">
     <span class='ocr_line' id='line_1_24' title="bbox 270 2819 1255 2914; baseline 0.002 -22"><span class='ocrx_word' id='word_1_185' title='bbox 270 2843 301 2893; x_wconf 87' lang='grc'><em>11</em></span> <span class='ocrx_word' id='word_1_186' title='bbox 311 2825 413 2907; x_wconf 76' lang='grc' dir='ltr'><em>μηδὲν</em></span> <span class='ocrx_word' id='word_1_187' title='bbox 424 2819 540 2906; x_wconf 83' lang='grc' dir='ltr'><em>ὅμοιον</em></span> <span class='ocrx_word' id='word_1_188' title='bbox 549 2826 632 2906; x_wconf 88' lang='grc' dir='ltr'><em>έχων</em></span> <span class='ocrx_word' id='word_1_189' title='bbox 643 2827 755 2890; x_wconf 82' lang='grc' dir='ltr'><em>είπείν.</em></span> <span class='ocrx_word' id='word_1_190' title='bbox 777 2830 825 2912; x_wconf 75' lang='grc' dir='ltr'><em>τῷ</em></span> <span class='ocrx_word' id='word_1_191' title='bbox 834 2823 897 2908; x_wconf 82' lang='grc' dir='ltr'><em>γὰρ</em></span> <span class='ocrx_word' id='word_1_192' title='bbox 909 2819 952 2890; x_wconf 81' lang='grc' dir='ltr'><em>ἀν</em></span> <span class='ocrx_word' id='word_1_193' title='bbox 963 2825 1255 2914; x_wconf 65' lang='grc' dir='ltr'><em>είκάσειέτιςλλνη-</em></span> 
     </span>
     <span class='ocr_line' id='line_1_25' title="bbox 311 2913 1255 3014; baseline 0.008 -30"><span class='ocrx_word' id='word_1_194' title='bbox 311 2926 395 3001; x_wconf 72' lang='grc' dir='ltr'><em>τῶν,</em></span> <span class='ocrx_word' id='word_1_195' title='bbox 417 2913 696 2999; x_wconf 78' lang='grc' dir='ltr'><em>ὃάθύνατοντοίς</em></span> <span class='ocrx_word' id='word_1_196' title='bbox 715 2925 846 2989; x_wconf 84' lang='grc' dir='ltr'><em>ἰδοῦσιν</em></span> <span class='ocrx_word' id='word_1_197' title='bbox 862 2922 1028 3006; x_wconf 78' lang='grc' dir='ltr'><em>ἐργάζεται</em></span> <span class='ocrx_word' id='word_1_198' title='bbox 1048 2924 1178 3014; x_wconf 75' lang='grc' dir='ltr'><em>πόθον,</em></span> <span class='ocrx_word' id='word_1_199' title='bbox 1200 2926 1255 2995; x_wconf 82' lang='grc' dir='ltr'><em>καλ</em></span> 
     </span>
     <span class='ocr_line' id='line_1_26' title="bbox 311 3014 1255 3110; baseline 0.011 -27"><span class='ocrx_word' id='word_1_200' title='bbox 311 3014 483 3103; x_wconf 75' lang='grc' dir='ltr'><em>ὁρεόμενον</em></span> <span class='ocrx_word' id='word_1_201' title='bbox 498 3015 560 3086; x_wconf 80' lang='grc' dir='ltr'><em>οὐκ</em></span> <span class='ocrx_word' id='word_1_202' title='bbox 576 3015 776 3105; x_wconf 78' lang='grc' dir='ltr'><em>ἀποπληροῖ,</em></span> <span class='ocrx_word' id='word_1_203' title='bbox 799 3021 854 3089; x_wconf 80' lang='grc' dir='ltr'><em>καὶ</em></span> <span class='ocrx_word' id='word_1_204' title='bbox 865 3019 1028 3106; x_wconf 80' lang='grc' dir='ltr'><em>μεταστὰν</em></span> <span class='ocrx_word' id='word_1_205' title='bbox 1047 3024 1255 3110; x_wconf 84' lang='grc' dir='ltr'><em>μνημονεύε-</em></span> 
     </span>
     <span class='ocr_line' id='line_1_27' title="bbox 310 3113 1254 3211; baseline 0.012 -30"><span class='ocrx_word' id='word_1_206' title='bbox 310 3141 377 3200; x_wconf 87' lang='grc' dir='ltr'><em>ται,</em></span> <span class='ocrx_word' id='word_1_207' title='bbox 390 3118 444 3183; x_wconf 81' lang='grc' dir='ltr'><em>καλ</em></span> <span class='ocrx_word' id='word_1_208' title='bbox 454 3113 516 3202; x_wconf 73' lang='grc' dir='ltr'><em>τὴν</em></span> <span class='ocrx_word' id='word_1_209' title='bbox 526 3123 594 3183; x_wconf 72' lang='grc' dir='ltr'><em>τοῖν</em></span> <span class='ocrx_word' id='word_1_210' title='bbox 603 3123 696 3185; x_wconf 77' lang='grc' dir='ltr'><em>θεῶν</em></span> <span class='ocrx_word' id='word_1_211' title='bbox 706 3115 802 3197; x_wconf 85' lang='grc' dir='ltr'><em>ἀξίαν</em></span> <span class='ocrx_word' id='word_1_212' title='bbox 812 3116 859 3185; x_wconf 72' lang='grc' dir='ltr'><em>ἐπ’</em></span> <span class='ocrx_word' id='word_1_213' title='bbox 869 3117 1054 3204; x_wconf 76' lang='grc' dir='ltr'><em>ἀνθρώπου</em></span> <span class='ocrx_word' id='word_1_214' title='bbox 1064 3121 1170 3206; x_wconf 90' lang='grc' dir='ltr'><em>φύσιν</em></span> <span class='ocrx_word' id='word_1_215' title='bbox 1180 3129 1254 3211; x_wconf 77' lang='grc' dir='ltr'><em>ἔχει,</em></span> 
     </span>
     <span class='ocr_line' id='line_1_28' title="bbox 310 3211 1256 3303; baseline 0.014 -25"><span class='ocrx_word' id='word_1_216' title='bbox 310 3211 393 3296; x_wconf 87' lang='grc' dir='ltr'><em>πρὸς</em></span> <span class='ocrx_word' id='word_1_217' title='bbox 403 3214 464 3299; x_wconf 73' lang='grc' dir='ltr'><em>μὲν</em></span> <span class='ocrx_word' id='word_1_218' title='bbox 473 3212 536 3300; x_wconf 75' lang='grc' dir='ltr'><em>τὴν</em></span> <span class='ocrx_word' id='word_1_219' title='bbox 547 3213 744 3299; x_wconf 78' lang='grc' dir='ltr'><em>εὐπρέπειαν</em></span> <span class='ocrx_word' id='word_1_220' title='bbox 755 3213 924 3303; x_wconf 82' lang='grc' dir='ltr'><em>ἀνθηρόν,</em></span> <span class='ocrx_word' id='word_1_221' title='bbox 943 3217 1026 3303; x_wconf 79' lang='grc' dir='ltr'><em>πρὸς</em></span> <span class='ocrx_word' id='word_1_222' title='bbox 1038 3223 1074 3290; x_wconf 77' lang='grc' dir='ltr'><em>δὲ</em></span> <span class='ocrx_word' id='word_1_223' title='bbox 1083 3219 1256 3302; x_wconf 84' lang='grc' dir='ltr'><em>τάςαίτίας</em></span> 
     </span>
     <span class='ocr_line' id='line_1_29' title="bbox 309 3306 1256 3400; baseline 0.017 -27"><span class='ocrx_word' id='word_1_224' title='bbox 309 3306 553 3396; x_wconf 87' lang='grc' dir='ltr'><em>ἀνυπονόητον;</em></span> <span class='ocrx_word' id='word_1_225' title='bbox 575 3309 659 3381; x_wconf 84' lang='grc' dir='ltr'><em>ἀλλά</em></span> <span class='ocrx_word' id='word_1_226' title='bbox 669 3313 736 3400; x_wconf 80' lang='grc' dir='ltr'><em>μὴν</em></span> <span class='ocrx_word' id='word_1_227' title='bbox 747 3312 827 3383; x_wconf 75' lang='grc' dir='ltr'><em>οὐδὲ</em></span> <span class='ocrx_word' id='word_1_228' title='bbox 843 3314 929 3384; x_wconf 79' lang='grc' dir='ltr'><em>ταῦτ’</em></span> <span class='ocrx_word' id='word_1_229' title='bbox 944 3322 1032 3385; x_wconf 83' lang='grc' dir='ltr'><em>ἔστιν</em></span> <span class='ocrx_word' id='word_1_230' title='bbox 1042 3321 1256 3389; x_wconf 74' lang='grc' dir='ltr'><em>αίτιάσασθαι</em></span> 
     </span>
     <span class='ocr_line' id='line_1_30' title="bbox 310 3402 1255 3504; baseline 0.017 -33"><span class='ocrx_word' id='word_1_231' title='bbox 310 3402 392 3488; x_wconf 85' lang='grc' dir='ltr'><em>πρὸς</em></span> <span class='ocrx_word' id='word_1_232' title='bbox 412 3405 474 3492; x_wconf 73' lang='grc' dir='ltr'><em>τὴν,</em></span> <span class='ocrx_word' id='word_1_233' title='bbox 494 3409 557 3495; x_wconf 80' lang='grc' dir='ltr'><em>σὴν</em></span> <span class='ocrx_word' id='word_1_234' title='bbox 577 3410 673 3497; x_wconf 77' lang='grc' dir='ltr'><em>ὄψιν,</em></span> <span class='ocrx_word' id='word_1_235' title='bbox 694 3409 717 3479; x_wconf 81' lang='grc' dir='ltr'><em>ἀ</em></span> <span class='ocrx_word' id='word_1_236' title='bbox 737 3421 871 3494; x_wconf 79' lang='grc' dir='ltr'><em>πολλοῖς</em></span> <span class='ocrx_word' id='word_1_237' title='bbox 887 3413 998 3494; x_wconf 86' lang='grc' dir='ltr'><em>ἀλλοις</em></span> <span class='ocrx_word' id='word_1_238' title='bbox 1012 3415 1076 3504; x_wconf 83' lang='grc' dir='ltr'><em>ἥδη</em></span> <span class='ocrx_word' id='word_1_239' title='bbox 1093 3422 1255 3489; x_wconf 77' lang='grc' dir='ltr'><em>συνέπεσε</em></span> 
     </span>
    </p>
   </div>
   <div class='ocr_carea' id='block_1_3' title="bbox 268 3505 1256 3803">
    <p class='ocr_par' dir='ltr' id='par_1_7' title="bbox 268 3505 1256 3803">
     <span class='ocr_line' id='line_1_31' title="bbox 268 3505 1256 3604; baseline 0.019 -37"><span class='ocrx_word' id='word_1_240' title='bbox 268 3518 301 3569; x_wconf 77' lang='lat'><em>12</em></span> <span class='ocrx_word' id='word_1_241' title='bbox 309 3509 376 3569; x_wconf 79' lang='grc' dir='ltr'><em>των</em></span> <span class='ocrx_word' id='word_1_242' title='bbox 392 3505 534 3586; x_wconf 80' lang='grc' dir='ltr'><em>κάλλους</em></span> <span class='ocrx_word' id='word_1_243' title='bbox 549 3510 786 3596; x_wconf 89' lang='grc' dir='ltr'><em>μετασχόντων.</em></span> <span class='ocrx_word' id='word_1_244' title='bbox 820 3509 844 3598; x_wconf 81' lang='grc' dir='ltr'><strong><em>ἦ</em></strong></span> <span class='ocrx_word' id='word_1_245' title='bbox 858 3512 924 3598; x_wconf 84' lang='grc' dir='ltr'><em>γάρ</em></span> <span class='ocrx_word' id='word_1_246' title='bbox 941 3513 995 3581; x_wconf 78' lang='grc' dir='ltr'><em>διὰ</em></span> <span class='ocrx_word' id='word_1_247' title='bbox 1013 3519 1256 3604; x_wconf 73' lang='grc' dir='ltr'><em>ρᾳθυμίαντού</em></span> 
     </span>
     <span class='ocr_line' id='line_1_32' title="bbox 308 3599 1255 3702; baseline 0.023 -37"><span class='ocrx_word' id='word_1_248' title='bbox 308 3599 458 3685; x_wconf 79' lang='grc' dir='ltr'><em>πόματος</em></span> <span class='ocrx_word' id='word_1_249' title='bbox 475 3602 608 3675; x_wconf 80' lang='grc' dir='ltr'><em>ἅπασαν</em></span> <span class='ocrx_word' id='word_1_250' title='bbox 626 3612 854 3697; x_wconf 78' lang='grc' dir='ltr'><em>συνετάραξαν</em></span> <span class='ocrx_word' id='word_1_251' title='bbox 877 3611 940 3699; x_wconf 75' lang='grc' dir='ltr'><em>τήν</em></span> <span class='ocrx_word' id='word_1_252' title='bbox 957 3610 1174 3702; x_wconf 80' lang='grc' dir='ltr'><em>ὑπάρχουσαν</em></span> <span class='ocrx_word' id='word_1_253' title='bbox 1196 3615 1255 3686; x_wconf 86' lang='grc' dir='ltr'><em>εύ-</em></span> 
     </span>
     <span class='ocr_line' id='line_1_33' title="bbox 307 3697 1254 3803; baseline 0.025 -40"><span class='ocrx_word' id='word_1_254' title='bbox 307 3700 482 3788; x_wconf 88' lang='grc' dir='ltr'><em>πρέπειαν,</em></span> <span class='ocrx_word' id='word_1_255' title='bbox 504 3697 525 3787; x_wconf 74' lang='grc' dir='ltr'><em>ἢ</em></span> <span class='ocrx_word' id='word_1_256' title='bbox 546 3704 583 3773; x_wconf 83' lang='grc' dir='ltr'><em>δι’</em></span> <span class='ocrx_word' id='word_1_257' title='bbox 604 3705 753 3796; x_wconf 74' lang='grc' dir='ltr'><em>ἀτύχημά</em></span> <span class='ocrx_word' id='word_1_258' title='bbox 775 3737 807 3779; x_wconf 91' lang='grc' dir='ltr'><em>τι</em></span> <span class='ocrx_word' id='word_1_259' title='bbox 824 3715 878 3779; x_wconf 80' lang='grc' dir='ltr'><em>καὶ</em></span> <span class='ocrx_word' id='word_1_260' title='bbox 894 3713 935 3780; x_wconf 86' lang='grc' dir='ltr'><em>τά</em></span> <span class='ocrx_word' id='word_1_261' title='bbox 951 3721 1060 3794; x_wconf 75' lang='grc' dir='ltr'><em>καλῶς</em></span> <span class='ocrx_word' id='word_1_262' title='bbox 1080 3716 1254 3803; x_wconf 87' lang='grc' dir='ltr'><em>πεφυκότα</em></span> 
     </span>
    </p>
   </div>
   <div class='ocr_carea' id='block_1_4' title="bbox 0 0 1584 4409">
    <p class='ocr_par' dir='ltr' id='par_1_8' title="bbox 0 0 1584 4409">
     <span class='ocr_line' id='line_1_34' title="bbox 0 0 1584 4409; baseline 0 2"><span class='ocrx_word' id='word_1_263' title='bbox 0 0 1584 4409; x_wconf 95' lang='lat' dir='ltr'><em> </em></span> 
     </span>
    </p>
   </div>
  </div>
 </body>
</html>
