3159 4409
314 509 378 575 κιο
493 512 583 569 mn.
623 472 1065 585 [Διίοιοεοααονα]

313 673 397 756 των,
414 669 487 740 όσοι
497 696 542 756 μη
531 667 592 737 ἐν
602 664 781 752 ἀκροπόλει
795 663 1066 784 ἐπιγεγραμμένοι
1077 663 1172 747 εἰσὶν,
1192 659 1264 730 066’

313 772 379 839 ἐστὶ
398 774 527 837 δίκαιον
543 767 682 844 τούτους
699 761 949 885 ὑπολαμβάνειν
961 753 1176 847 ὀφείλειν,
1147 758 1266 829 ωνοό-

313 871 378 991 θείς
387 870 556 986 πμρίθωκε
566 878 634 943 τοῖς
644 863 828 985 μράκτορσι
836 887 877 928 τα
865 857 1087 946 όνόματα,“
1057 879 1173 983 66666
1183 857 1266 947 ὑμᾶς

313 1161 334 1286 6
353 1161 391 1230 τό
409 1160 581 1247 ψήφισμα,
603 1154 625 1245 6
644 1155 686 1225 06
703 1165 785 1226 πᾶσι
804 1152 937 1244 ὃηλον
917 1183 958 1225 ον
969 1183 1020 1224 οτι
1030 1164 1203 1244 πολλαχως
1212 1159 1317 1226 καλλλλλ

313 1261 375 1348 ὀφε
377 1269 485 1329 ίλονσι
505 1266 552 1350 τῷ
573 1263 719 1347 ὀημοσίφ
739 1259 795 1325 καλ
815 1261 1000 1325 ἐκτίνουσιν
1017 1259 1051 1323 οί
1065 1255 1265 1344 βουλόμενοι

312 1376 380 1440 τοῖς
396 1360 512 1445 νόμοις
530 1364 725 1444 πεύθεσθαι,
748 1361 804 1425 καί
819 1353 910 1424 τοῦτ’
925 1357 957 1435 ἐξ
970 1353 1075 1422 αύτού
1085 1364 1147 1424 τοῦ
1159 1357 1264 1444 νόμον

211 1464 213 1469 ’
311 1465 421 1544 δῆλον.
444 1464 503 1526 καί
510 1483 567 1545 μοι
578 1457 680 1525 πόλιν
691 1458 770 1543 λαβὲ
781 1454 841 1525 τόν
853 1456 960 1542 νόμον
970 1463 1100 1525 τοῦτον.

696 1562 874 1624 ΝΟΜΟΣ.

393 1655 553 1742 Ἀκούεις,
577 1683 602 1723 ω
614 1653 942 1775 μιμρόνσύθηρίον,
963 1680 1023 1722 οτι
1033 1650 1178 1734 κελεύει·
1201 1650 1259 1740 ἀφ’

310 1749 350 1841 ἧς
361 1750 404 1821 ἀν
415 1750 537 1840 6666'¹
515 1781 536 1840 6
547 1751 608 1820 τόν
619 1755 725 1841 νόμον
738 1762 881 1874 παραβῇ.

268 1887 303 1940 50
391 1851 518 1919 Ἀκούω
535 1863 651 1920 τοιννν
662 1879 785 1932 αυτούς
795 1867 953 1920 κακεινον
964 1850 1043 1938 υμῖν
1054 1855 1186 1940 μέλλειν
1196 1855 1262 1919 δει-

310 1949 431 2018 κνύναι
447 1949 508 2018 τόν
527 1951 649 2037 νόμον,
671 1950 708 2031 ὃς
725 1951 921 2037 ἀπαλείφειν
937 1951 1064 2020 κελεύει
1081 1948 1161 2030 τοὺς
1172 1953 1262 2037 ἐγγε-

310 2046 554 2135 γραμμένονς’
535 2049 601 2118 από
619 2077 679 2117 τοο
667 2049 888 2137 ὀφλήματος
903 2049 1025 2119 καθ’“
1004 2078 1065 2119 οτι
1081 2047 1125 2118 ἀν
1143 2054 1214 2120 ἐκτί
1199 2057 1261 2137 ίνη,

311 2150 366 2214 καλ
382 2146 560 2233 ἐρήσεσθαι
578 2155 648 2228 πύς
658 2147 723 2217 ἀπό
735 2159 796 2217 τοῦ
807 2147 887 2236 μηθ’
899 2152 1167 2236 ἐγγεγραμμένου
1178 2147 1263 2217 ἀπα-

312 2252 502 2332 λείφονσιν,
526 2243 635 2333 ὥσπερ
657 2247 699 2317 ού
720 2252 795 2334 περὶ
816 2251 878 2336 μὲν
900 2259 969 2318 τοῖν
989 2251 1263 2338 ἐγγεγραμμένων

311 2355 433 2414 τοῦτον
442 2352 605 2434 κείμενον,
613 2351 721 2432 περ
700 2349 814 2418 ἑτῶν
825 2348 869 2437 μη
879 2353 1163 2437 ἐγγεγραμμένων,
1172 2347 1263 2436 ὀφει-

312 2444 497 2513 λόντωνιλ’
521 2445 709 2569 666606,“
689 2475 726 2526 ος
746 2447 916 2516 κελεύετ’
898 2473 944 2515 απ
948 2446 1100 2535 ’ἐκείνης
1118 2446 1263 2535 ὀφείλειν
1305 2480 1308 2495 ·

312 2552 369 2629 τῆς
384 2541 524 2630 ἡμέρας,
547 2543 608 2666 ἀφ’
624 2538 663 2633 ἧς
674 2542 848 2635 ἀνόφληῆ
859 2547 1036 2665 παραβῇ
1002 2573 1061 2616 τον
1075 2543 1239 2667 νόμονῆ
1226 2543 1262 2615 τό

268 2665 302 2717 51
312 2644 474 2730 ψήφισμα.
504 2649 539 2710 τί
547 2649 610 2711 06v
622 2642 685 2712 ούκ
696 2644 864 2732 ἀγραφίου
875 2672 931 2732 με,
943 2647 1058 2733 φήσει,
1073 2645 1195 2733 γράφει
1206 2643 1264 2763 666

295 2741 488 2829 ὀφείλοντα
499 2744 554 2811 καὶ
565 2768 608 2829 μη
598 2741 940 2872 ίγγεηραμμένον;”
921 2771 971 2812 οτι
983 2742 1002 2814 6
1015 2745 1117 2831 νόμος
1128 2743 1171 2812 06
1182 2740 1262 2813 κατά

311 2852 379 2911 τῶν
391 2841 596 2928 ὀφειλόντων
605 2845 660 2911 καὶ
671 2870 715 2930 μη
705 2842 962 2969 ἐγγραφέντων
972 2843 1100 2912 κελεύει
1112 2841 1171 2923 τάς
1181 2868 1262 2931 γρα-

312 2942 378 3029 φάς
395 2951 456 3009 τού
472 2939 750 3030 ἀγραφίονείναι,
774 2942 849 3011 ἀλλ’
861 2947 979 3022 οιτινες
989 2969 1034 3010 αν
1045 2947 1263 3029 ἐγγραφέντες

312 3045 366 3110 καὶ
384 3041 428 3129 μὴ
447 3045 631 3121 ἐκτίσαντες
647 3051 688 3131 τῇ
707 3043 801 3111 πόλει
816 3040 853 3111 τό
866 3041 1000 3129 ὄφλημα
1012 3046 1261 3128 ἐξαλειφθῶσιν.

312 3150 369 3211 καί
376 3170 433 3230 μοι
443 3145 522 3230 λαβὲ
533 3141 593 3210 τόν
603 3142 710 3228 νόμον
721 3142 776 3211 κἀλ
786 3142 970 3227 ἀνάγνωθι.

695 3249 873 3311 ΝΟΜΟΣ,

269 3361 303 3414 52
394 3341 543 3410 Ἀκούετε
554 3351 615 3410 τοῦ
626 3343 732 3429 νόμον
739 3393 748 3427 ,
762 3335 788 3410 6
801 3341 920 3426 ἀνδρες
930 3342 1095 3425 δικασταί,
1107 3335 1158 3407 ὅτι
1170 3343 1263 3421 διαρ-

313 3439 419 3525 ρήδην
436 3444 539 3529 λέγει,
563 3442 621 3509 ε’ἀν
637 3469 685 3521 τις
700 3448 769 3508 τῶν
786 3439 992 3526 ὀφειλόντων
1002 3445 1047 3528 τῷ
1060 3443 1207 3528 δημοσίω
1219 3435 1262 3523 μη

313 3543 441 3616 ἐκτίσας
452 3538 488 3605 τό
502 3539 636 3627 ὄφλημα
646 3548 685 3629 τῇ
698 3541 794 3608 πόλει
805 3543 1002 3625 ἐξαλειφθῇ,
1021 3536 1105 3605 εἶναι
1115 3537 1189 3606 κατ’
1201 3535 1264 3604 αύ-

312 3646 373 3706 τού
388 3637 445 3709 τὰς
466 3637 594 3724 γραφὰς
612 3639 696 3723 πρός
706 3639 785 3719 τούς
795 3642 1003 3724 θεσμοθέτας
1013 3645 1075 3706 τού
1084 3635 1262 3725 ἀγραφίου,

313 3740 367 3805 καὶ
391 3734 432 3805 ού
454 3736 536 3805 κατὰ
558 3745 618 3805 τού
639 3736 831 3825 ὀφείλοντος
852 3735 967 3824 καὶμὴ
987 3738 1262 3823 ἐγγεγραμμένον,
