3159 4409
299 507 361 572 ειε
513 509 577 567 ιιι.
599 501 1029 583 [ΔΗΜοΣοεΝουη

300 667 451 754 ψήφισμα
462 671 635 753 Στέφανος
651 661 764 732 οὑτοσὶ
781 665 836 731 καὶ
855 659 1018 731 εἰσελθών
1033 668 1080 740 είς
1094 659 1131 728 τὸ
1150 665 1245 728 δικα-

301 766 452 853 στήριον,
465 767 517 832 ἐπὶ
527 768 664 850 διαβολῇ
675 766 807 843 ψευδεῖς
818 761 986 848 μάρτυρας
999 757 1244 845 παρασχόμενος

301 862 344 943 ὡς
355 856 487 952 ἀφλε
456 870 502 930 τῶ
515 867 658 951 δημοσίω
633 863 706 929 ωέκ
718 863 815 928 πέντε
825 863 881 927 καὶ
890 869 1016 928 εἴκοσιν
1025 863 1108 927 ἐτῶν
1118 860 1174 926 καὶ
1184 861 1242 937 ἔξω

274 970 356 1048 στής
373 969 504 1048 χραφής
520 957 625 1028 πολλά
641 966 836 1046 κατηγορῶν
854 955 972 1028 εἷλε
938 986 975 1028 το
992 958 1157 1046 ψήφισμα
1190 957 1242 1024 καλ

299 1064 474 1145 τοῦτομὲν
492 1065 522 1127 εί
539 1055 628 1146 CCCC
616 1058 746 1126 ἐδόκει
761 1059 1021 1143 διαπράξασθαι,
1046 1083 1087 1124 ου
1077 1056 1243 1142 ’χαλεπῶς

301 1160 461 1244 φέρομεν·
485 1154 554 1224 ἀλλ’
571 1153 681 1242 ἐπειδή
699 1159 850 1242 περὶτοῦ
866 1157 1045 1277 τιμήματος
1057 1152 1243 1242 ἐλάμβανον

299 1255 362 1375 τήν
378 1263 493 1342 ψήφου
510 1259 545 1322 οί
530 1249 723 1341 ίδικασταλ,
744 1252 942 1339 δεομένων
926 1261 1020 1340 ημῶν
1035 1258 1243 1338 συγχωρήσαι

301 1351 363 1425 οὐκ
379 1354 518 1440 ήδελεν,
551 1351 635 1421 ἀλλά
658 1305 892 1421 πεάτεκαίδεκα
910 1350 1082 1419 ταλάντων
1104 1353 1241 1435 ἐτιμᾶτο,

299 1457 355 1520 ἵνα
366 1453 559 1540 ἀτιμώσειεν
575 1450 679 1520 αὐτὸν
689 1452 744 1520 καὶ
760 1455 879 1530 παῖδας
888 1448 967 1529 τοδς
977 1452 1106 1517 ἐκείνου
1118 1448 1173 1515 καὶ
1183 1445 1254 1532 τήνΙ
1288 1477 1290 1481 ’

299 1549 448 1638 ἀδελφήν
458 1548 522 1639 τήν
530 1550 627 1637 ἐμήν,
650 1552 705 1618 καὶ
720 1547 807 1636 ἡμᾶς
824 1548 970 1626 ἅπαντας
979 1553 1025 1626 είς
1034 1544 1096 1633 τήν
1107 1545 1243 1631 ἐσχάτην
1285 1562 1287 1568 ·

275 1649 442 1732 χάπορίαν
452 1650 663 1736 καταστήσειε
673 1650 729 1717 καὶ
739 1652 869 1716 ἔνδειαν
880 1643 1043 1714 ἁπάντων.
1076 1642 1242 1732 ήμὲνχάρ

300 1743 396 1814 οὐσία
407 1745 486 1814 οὐδὲ
496 1755 596 1833 τριεδν
608 1747 779 1814 ταλάντων
791 1747 882 1813 πάνυ
892 1738 987 1832 CCCC,
999 1743 1082 1812 CCCC
1094 1748 1243 1829 δυνηθή-

299 1870 354 1910 ναι
365 1849 486 1911 ἐκτῖσαι
503 1853 665 1913 τοσοῦτον
682 1843 831 1931 ὄφλημα·
853 1873 896 1931 μη
885 1843 1122 1922 ἐκτισθέντος
1138 1842 1174 1910 δὲ
1185 1847 1243 1909 τοῦ

298 1942 488 2029 ὀφλήματος
498 1946 601 2012 ἐπὶ
560 1969 617 2029 της
632 1942 749 2028 ἐνάτης
766 1950 980 2026 πρυτανείας,
994 1946 1137 2009 διπλοῦν
1150 1945 1243 2038 ἐμελ-

297 2050 355 2108 λεν
372 2040 555 2110 ἔσεσθαι
522 2068 559 2109 το
583 2041 715 2127 ὄφλημα
731 2042 787 2108 καὶ
804 2041 1075 2127 ἐγγραφήσεσθαι
1086 2028 1250 2118 ’ACCC'CC

298 2144 403 2225 δωρος
413 2166 591 2224 τριακουτα
602 2141 746 2208 ταλαντα
757 2138 942 2228 οφειλων
911 2167 956 2207 τω
943 2145 1129 2228 ’δημοσίφ
1151 2139 1242 2222 ἐγχε-

296 2242 488 2324 χραμμένου
505 2242 541 2306 δὲ
558 2265 603 2329 CCC
591 2243 778 2330 δημοσίῳ,
801 2238 1241 2326 ἀπογραφήσεσθαι-ἔμελλεν

295 2334 315 2422 C
327 2334 520 2422 ὑπάρχουσα
531 2335 627 2404 οὐσία
641 2335 877 2422 Ἀπολλοδώρῳ
889 2342 1028 2425 δημοσία
1039 2334 1139 2421 εἶναι,
1156 2360 1241 2427 πρα-

296 2442 411 2523 θείσης
428 2433 460 2504 δ’
473 2434 574 2524 αὐτῆς
592 2443 637 2516 είς
650 2435 713 2524 τήν
728 2436 871 2522 ἐσχάτην
887 2433 1030 2520 ἀπορίαν
1040 2433 1240 2520 καταστήσε-

297 2544 377 2601 σθαι
387 2536 442 2602 καὶ
451 2533 613 2614 αάτδςκαὶ
624 2541 780 2615 παίδεςο
766 2539 915 2603 ἐκείνου
925 2536 980 2603 καὶ
989 2532 1075 2621 γυνή
1085 2535 1140 2602 καί
1150 2529 1241 2619 ἡμεῖς

270 2631 445 2712 δάπαντες.
478 2639 524 2700 ἐτι
537 2633 572 2700 δὲ
584 2631 670 2701 CCCCC‘
653 2661 674 2721 η
686 2659 778 2720 ετερα
789 2633 942 2754 θυγάτηρ
954 2631 1131 2710 ἀνέκδοτος
1146 2636 1241 2717 ἐμελ-

296 2738 353 2797 λεν
364 2736 515 2798 ἔσεσθαι·
538 2738 585 2808 τις
595 2757 659 2815 χαρ
678 2731 720 2798 ἀν
738 2756 818 2799 ποτε
834 2757 901 2815 παρ
899 2729 1171 2817 ’όφείλοντοςτῳ
1159 2735 1242 2814 δη-

295 2836 398 2917 μοσίφ
409 2827 498 2897 κάλ’
479 2853 683 2914 απορουντος
701 2830 861 2918 ἔλαβεν”
838 2855 1016 2914 απροικον;
1036 2827 1166 2897 οὔκουν
1185 2856 1242 2915 τη-

295 2927 458 2994 λικούτοιν
477 2954 591 2996 κανων
610 2939 712 3007 αίτιος
731 2927 812 3016 ήμιν
833 2937 935 2996 πᾶσιν
957 2931 1120 3014 ἐγίγνετο,
1143 2925 1241 2996 οὐδὲν

295 3050 426 3094 ποιποτε
437 3051 486 3111 υφ
508 3054 603 3114 ημων
613 3026 818 3115 ηδικημενος
851 3042 919 3108 τοῖς
928 3055 989 3115 μεν
1000 3053 1064 3096 ουν
1076 3033 1241 3104 δικασταις

293 3137 361 3201 τοῖς
370 3123 443 3191 τότε
454 3124 607 3192 δικάσασι
620 3125 746 3212 πολλὴν
757 3127 853 3213 χάριν
864 3129 948 3195 κατά
957 3153 996 3213 χε
1006 3134 1085 3194 τοῦτ
1081 3124 1212 3212 ’ἕχω,”
1191 3152 1241 3194 οτι
1253 3161 1258 3168 ·

293 3244 334 3285 ου
325 3216 562 3305 ’περιείδον’
521 3223 625 3290 αυτὸν
641 3220 914 3311 ἀναρπασθέντα,
932 3223 998 3294 ἀλλ’
1014 3227 1173 3312 ἐτιμησαν
1182 3231 1291 3294 CCC-1312

293 3318 479 3405 CCCCov‚‘'
451 3342 535 3388 ωστε
552 3319 778 3409 δυνηθήναι”
755 3351 800 3392 αν
816 3328 940 3392 ἐκτῖσαι
956 3324 1063 3410 μόλις
1085 3325 1192 3415 τούτῳ
1205 3325 1240 3394 δέ

294 3418 473 3496 δικαίως
440 3446 499 3487 τον
518 3419 621 3488 αάτὸν
638 3428 759 3507 ἔρανον
775 3423 1028 3509 ἐνεχειρήσαμεν
1044 3392 1239 3490 ἀποδοῦναι

267 3515 346 3579 CCCC
356 3510 420 3598 γάρ
430 3513 472 3582 οὐ
482 3519 589 3602 μόνον
599 3519 700 3607 ταύτῃ
716 3521 870 3608 ἐζήτησεν
887 3521 1016 3590 ἀνελεῖν
1034 3519 1134 3608 ἡμεῖς,
1156 3520 1240 3589 ἀλλά

292 3613 348 3679 καὶ
359 3614 395 3679 ἐκ
415 3620 472 3698 τῆς
486 3622 641 3701 πατρίδος
657 3617 761 3686 αὐτὸν
782 3619 951 3705 ἐβουλήθη
974 3623 1134 3707 ἐκβαλεῖν.
1163 3623 1241 3686 ἐπε-

293 3714 410 3794 νέγκας
420 3708 484 3796 χάρ
497 3711 588 3803 αὐτῷ
599 3721 705 3784 αἰτίαν
717 3722 825 3803 ψευδῆ
836 3715 1060 3802 ὦςἈφίδναζέ
1067 3741 1146 3785 ποτε
1158 3714 1241 3804 ἀφι-
