3159 4409
519 495 661 556 ΠΡΟΣ
682 461 979 561 ΛεαΧΑΡΗΝ.
1184 498 1225 560 οι

277 654 356 725 ποτε
367 657 582 742 Λεώστρατος
592 652 703 722 ούτοσὶ
714 652 775 738 οὐχ
786 651 905 739 αύτδν,
925 653 1226 726 ἀλλάτούτονὲτιεὲ

277 754 425 841 γράψατο
434 762 476 841 τῆ
483 759 714 840 διαμαρτυρίας
726 751 765 818 τά
775 751 838 840 γάρ
848 752 1055 841 πρεσβύτερα
1064 764 1131 823 τῶν
1139 782 1225 843 πρα-

276 853 413 940 γμάτων
434 849 494 919 τόν
515 851 741 937 πρεσβύτερον
761 855 827 918 ἔδει
844 856 1084 939 διαμαρτυρεῖν.
1117 853 1223 942 ότινῆ

276 949 347 1035 Δί’,
369 947 412 1017 ἀν
430 960 531 1031 εἰποι,
556 958 677 1018 τοῦτον
694 955 905 1036 εἰσπεποίηκα
922 949 1223 1041 νίόντῷἉρχιάδη.

234 1074 269 1128 56
277 1047 405 1118 οὐκοῦν
433 1048 469 1116 σὲ
491 1045 551 1115 τόν
575 1054 784 1115 εἰσποιοῦντα
803 1051 858 1117 καί
878 1052 1162 1132 κατασκευάζοντα
1183 1051 1223 1119 τά

276 1147 451 1232 πράγματα
461 1149 515 1214 καί
526 1147 628 1232 λόγον
640 1150 705 1214 ἔδει
718 1147 862 1229 διδόναι,
874 1148 1057 1236 γενόμενον
1067 1149 1224 1219 ὑπεύθυ-

275 1271 340 1313 νον
353 1237 402 1312 όν
412 1249 605 1330 πεποίηκας·
628 1246 733 1331 πολλῆ
744 1243 777 1330 γ’
790 1243 927 1332 ἀνάγκη.
960 1245 1043 1316 ἀλλά
1054 1258 1151 1317 τούτο
1163 1249 1225 1334 μὲν

275 1349 411 1430 ἔφυγες,
433 1351 473 1431 τῆ
490 1339 707 1431 διάμαρτυρίηι
727 1344 763 1411 δὲ
779 1353 901 1412 τοῦτον
919 1343 1019 1414 οὐδὲν
1034 1345 1134 1414 εἰδότ’
1148 1350 1225 1413 ἐπε-

275 1442 403 1528 γράψω.
432 1441 515 1510 ὥστε
527 1441 676 1528 φανερόν
686 1439 767 1528 ύμῖν
778 1447 882 1527 ἐστιν,
896 1436 1053 1528 ύάνδρες
1064 1447 1223 1529 δικασταί,

274 1538 316 1608 τά
334 1541 643 1627 διαμαρτυρούμενα
654 1538 698 1626 μῆ
711 1539 794 1635 εἰναι
806 1538 934 1627 ἀληθῆ,
956 1543 1010 1610 καί
1022 1537 1101 1628 παρ’
1113 1539 1225 1622 αύτοίς

273 1664 313 1724 γε
330 1640 461 1718 τούτοις
474 1637 686 1725 ὁμολογεῖται.
720 1642 774 1707 καί
784 1640 852 1726 μῆν
862 1638 994 1709 κάκεῖνο
1006 1640 1134 1708 δίκαιόν
1144 1643 1222 1726 ἐστι,

273 1736 319 1824 μῆ
332 1739 486 1822 λέγοντος
496 1735 612 1805 αὐτίκα
622 1737 699 1823 μόλ’
712 1736 1069 1825 ἀκούεινΛεωστράτον
1079 1742 1221 1828 τουτουί,

272 1833 360 1921 ὑπὲρ
374 1828 423 1902 &v
433 1861 471 1920 γε
481 1839 741 1922 διαμαρτυρῆσαι
752 1833 814 1904 ούκ
826 1837 1011 1923 ἐτόλμησεν.

231 1957 265 2014 57
356 1932 412 2013 Ὡς
430 1936 465 2003 δὲ
480 1938 535 2003 καί
552 1942 619 2003 τόν
636 1932 778 2021 ἀγόνων
794 1934 990 2004 ἀδικώτατοι
1005 1939 1060 2004 καὶ
1070 1943 1221 2022 πλείστης

274 2032 377 2120 ἀργῆς
397 2033 481 2114 ἀξιοι
501 2049 569 2113 τοῖς
584 2033 834 2121 ἀγωνιζομένοις
849 2039 886 2103 αἰ
902 2040 1132 2121 διαμαρτυρίαι
1148 2039 1220 2119 εἰσί,

274 2129 406 2218 μάλιστ’
425 2131 468 2199 ἀν
483 2159 531 2212 τις
547 2137 676 2202 ἐκεῖθεν
696 2135 894 2221 καταμάθοι.
924 2142 1056 2220 πρῶτον
1077 2134 1138 2220 μὲν
1156 2132 1221 2219 γάρ

274 2228 337 2299 ούκ
349 2229 534 2316 ἀναγκαίως
545 2239 693 2318 ἔχουσιν,
712 2232 822 2318 ὥσπερ
834 2237 868 2301 οἰ
877 2232 986 2318 ἀλλοι,
1005 2231 1077 2300 ἀλλ’
1091 2235 1127 2300 ἐκ
1138 2257 1222 2318 προ-

273 2334 429 2415 αιρέσεως
445 2334 498 2400 καὶ
514 2334 704 2419 βουλήσεως
719 2339 777 2416 τῆς
787 2340 849 2399 τού
860 2337 1160 2417 διαμαρτυροῦντος
1169 2337 1222 2413 γί-

271 2455 418 2516 γνονται.
452 2436 482 2499 εἰ
491 2435 551 2516 μὲν
561 2430 625 2516 γάρ
637 2429 721 2514 ὑπὲρ
732 2437 802 2496 τόν
812 2428 1164 2513 διαμφισβητουμένων
1176 2427 1220 2511 μῆ

272 2533 363 2596 ἔστιν
380 2526 483 2595 ἀλλον
498 2528 626 2614 τρόπον
637 2532 732 2612 δίκην
742 2521 888 2611 λαβεῖνῆ
901 2521 1220 2610 διαμαρτυρήσαντα,

231 2638 354 2707 58ἰσως
370 2627 552 2713 ἀναγκαῖον
568 2623 606 2694 τό
625 2631 874 2713 διαμαρτυρεῖν·
897 2628 929 2690 εἰ
943 2622 978 2690 δὲ
991 2625 1045 2689 καὶ
1055 2620 1139 2688 ἀνευ
1148 2627 1222 2690 δια-

273 2735 455 2813 μαρτυρίας
466 2725 549 2811 πρός
561 2725 664 2793 ἅπασι
674 2738 742 2802 τοῖς
752 2726 937 2804 συνεδρίοις
947 2725 1053 2788 ἔνεστι
1063 2720 1166 2804 λόγου
1176 2721 1220 2808 μῆ

273 2822 560 2911 ἀποστερηθῆναι,
583 2831 652 2903 πῶς
670 2821 711 2890 ού
729 2826 923 2907 προπετείας
938 2822 992 2888 καί
1002 2827 1060 2905 τῆς
1069 2825 1223 2905 μεγίστης

272 2921 432 3003 ἀπονοίας
448 2938 583 3011 σημεῖον
599 2924 636 2990 τὸ
655 2928 890 3007 διαμαρτυρεῖν
907 2921 1009 2997 ἰστιν;
1034 2915 1114 2985 οὐδὲ
1127 2913 1222 3002 γάρό

273 3027 458 3109 νομοθέτης
483 3020 664 3106 ἀναγκαῖον
689 3018 769 3086 αὐτὸ
793 3023 925 3104 ἐποίησε
945 3031 1013 3096 τοῖς
1033 3016 1221 3101 ἀντιδίκοις,

272 3118 347 3188 ἀλλ’
361 3116 406 3187 ἀν
417 3120 603 3207 βούλωνται
613 3122 862 3206 διαμαρτυρεῖν,
874 3121 1013 3198 ἔδωκεν,
1027 3112 1138 3199 οἵσπερ
1150 3113 1223 3182 διά-
1229 3136 1299 3193 1098

272 3243 393 3308 πειραυ
410 3219 606 3304 ποιούμενος
622 3217 838 3302 τῶντρόπων
859 3213 933 3294 ἑνός
954 3212 1101 3298 ἑκάστου
1115 3213 1221 3300 ῆμιόν,

230 3327 344 3397 59παῖς
361 3314 435 3385 ποτ’
454 3323 583 3403 ἔχοιμεν
600 3318 682 3404 πρός
697 3315 735 3384 τό
757 3322 928 3400 προπετῶς
937 3339 968 3380 τι
979 3310 1140 3399 πράττειν.
1176 3318 1223 3381 ἔτι

273 3423 390 3484 τοίνυν
406 3417 458 3482 ε’πί
475 3415 511 3481 τό
528 3423 596 3482 τόν
607 3414 924 3504 διαμαρτυρούντων
934 3415 1032 3498 μέρος
1042 3410 1118 3481 οὔτε
1129 3417 1224 3482 δικα-
1295 3437 1299 3444 ·

274 3514 391 3600 στῆρια
402 3506 446 3600 ῆν
456 3509 499 3582 ἀν
510 3513 587 3582 ούτε
598 3514 723 3600 ἀγωνες
733 3517 919 3600 ἐγίγνοντο·
936 3512 1057 3581 κωλύει
1064 3509 1127 3597 γάρ
1137 3511 1223 3579 πόν-

273 3634 314 3680 τα
337 3622 441 3681 ταῦτα
462 3613 499 3682 τό
520 3622 588 3682 των
610 3619 857 3700 διαμαρτυριῶν
876 3610 973 3696 γένος
986 3614 1042 3680 καί
1057 3608 1224 3681 ἀποκλείει

275 3716 457 3799 εἰσαγωγῆς
469 3714 589 3781 ἕκαστα
599 3721 655 3800 τῆς
667 3717 713 3791 εἰς
723 3711 759 3780 τό
773 3709 999 3798 δικαστήριον,
1020 3710 1104 3780 κατά
1113 3733 1151 3795 γε
1161 3704 1223 3793 τῆν
