<?xml version="1.0" encoding="UTF-8"?>
<!DOCTYPE html PUBLIC "-//W3C//DTD XHTML 1.0 Transitional//EN"
    "http://www.w3.org/TR/xhtml1/DTD/xhtml1-transitional.dtd">
<html xmlns="http://www.w3.org/1999/xhtml" xml:lang="en" lang="en">
 <head>
  <title>
</title>
<meta http-equiv="Content-Type" content="text/html;charset=utf-8" />
  <meta name='ocr-system' content='tesseract 3.04.00' />
  <meta name='ocr-capabilities' content='ocr_page ocr_carea ocr_par ocr_line ocrx_word'/>
</head>
<body>
  <div class='ocr_page' id='page_1' title='image "./orationesexrece02demogoog_0078.png"; bbox 0 0 3159 4409; ppageno 0'>
   <div class='ocr_carea' id='block_1_1' title="bbox 234 473 1049 548">
    <p class='ocr_par' dir='ltr' id='par_1_1' title="bbox 234 473 1049 548">
     <span class='ocr_line' id='line_1_1' title="bbox 234 473 1049 548; baseline -0.009 -7"><span class='ocrx_word' id='word_1_1' title='bbox 234 502 237 507; x_wconf 89' lang='lat'>·</span> <span class='ocrx_word' id='word_1_2' title='bbox 313 476 355 542; x_wconf 75' lang='lat'><strong><em>72</em></strong></span> <span class='ocrx_word' id='word_1_3' title='bbox 518 479 596 536; x_wconf 86' lang='lat' dir='ltr'>XLV.</span> <span class='ocrx_word' id='word_1_4' title='bbox 631 473 1049 548; x_wconf 72' lang='grc' dir='ltr'><em>ΔΗΜΟΣΘΕΝΟΤΣ</em></span> 
     </span>
    </p>
   </div>
   <div class='ocr_carea' id='block_1_2' title="bbox 267 628 1313 1776">
    <p class='ocr_par' dir='ltr' id='par_1_2' title="bbox 267 628 1313 1776">
     <span class='ocr_line' id='line_1_2' title="bbox 312 628 1261 725; baseline -0.005 -18"><span class='ocrx_word' id='word_1_5' title='bbox 312 638 373 707; x_wconf 88' lang='grc' dir='ltr'><strong><em>λὸν</em></strong></span> <span class='ocrx_word' id='word_1_6' title='bbox 391 642 516 725; x_wconf 73' lang='grc' dir='ltr'><strong><em>λέγειν,</em></strong></span> <span class='ocrx_word' id='word_1_7' title='bbox 539 634 632 723; x_wconf 80' lang='grc' dir='ltr'><strong><em>ὑμεῖς</em></strong></span> <span class='ocrx_word' id='word_1_8' title='bbox 650 633 683 703; x_wconf 86' lang='grc' dir='ltr'><strong><em>δ’</em></strong></span> <span class='ocrx_word' id='word_1_9' title='bbox 701 644 769 703; x_wconf 78' lang='grc' dir='ltr'><strong><em>ἴστε</em></strong></span> <span class='ocrx_word' id='word_1_10' title='bbox 775 683 785 718; x_wconf 92' lang='grc'><strong><em>,</em></strong></span> <span class='ocrx_word' id='word_1_11' title='bbox 807 628 872 700; x_wconf 73' lang='grc' dir='ltr'><strong><em>κᾶν</em></strong></span> <span class='ocrx_word' id='word_1_12' title='bbox 887 631 952 718; x_wconf 73' lang='grc' dir='ltr'><strong><em>ἐγώ</em></strong></span> <span class='ocrx_word' id='word_1_13' title='bbox 968 632 1012 719; x_wconf 88' lang='grc' dir='ltr'><strong><em>μή</em></strong></span> <span class='ocrx_word' id='word_1_14' title='bbox 1024 637 1126 720; x_wconf 91' lang='grc' dir='ltr'><strong><em>λέγω,</em></strong></span> <span class='ocrx_word' id='word_1_15' title='bbox 1150 631 1261 703; x_wconf 80' lang='grc' dir='ltr'><strong><em>ἔπειθ’</em></strong></span> 
     </span>
     <span class='ocr_line' id='line_1_3' title="bbox 312 726 1262 822; baseline -0.002 -18"><span class='ocrx_word' id='word_1_16' title='bbox 312 734 396 821; x_wconf 76' lang='grc' dir='ltr'><strong><em>ὑπέρ</em></strong></span> <span class='ocrx_word' id='word_1_17' title='bbox 406 745 468 804; x_wconf 81' lang='grc' dir='ltr'><strong><em>τοῦ</em></strong></span> <span class='ocrx_word' id='word_1_18' title='bbox 478 749 651 821; x_wconf 80' lang='grc' dir='ltr'><strong><em>κατασχεῖν</em></strong></span> <span class='ocrx_word' id='word_1_19' title='bbox 662 733 725 802; x_wconf 84' lang='grc' dir='ltr'><strong><em>ὅσα</em></strong></span> <span class='ocrx_word' id='word_1_20' title='bbox 734 726 778 819; x_wconf 88' lang='grc' dir='ltr'><strong><em>ήν</em></strong></span> <span class='ocrx_word' id='word_1_21' title='bbox 787 741 835 818; x_wconf 76' lang='grc' dir='ltr'><strong><em>τῷ</em></strong></span> <span class='ocrx_word' id='word_1_22' title='bbox 844 729 994 822; x_wconf 71' lang='grc' dir='ltr'><strong><em>ἡμετέρην</em></strong></span> <span class='ocrx_word' id='word_1_23' title='bbox 1002 736 1101 817; x_wconf 79' lang='grc' dir='ltr'><strong><em>πατρὶ</em></strong></span> <span class='ocrx_word' id='word_1_24' title='bbox 1113 732 1262 820; x_wconf 90' lang='grc' dir='ltr'><strong><em>χρήματα</em></strong></span> 
     </span>
     <span class='ocr_line' id='line_1_4' title="bbox 312 828 1263 922; baseline -0.001 -20"><span class='ocrx_word' id='word_1_25' title='bbox 312 835 401 920; x_wconf 76' lang='grc' dir='ltr'><strong><em>παρὰ</em></strong></span> <span class='ocrx_word' id='word_1_26' title='bbox 417 842 459 922; x_wconf 80' lang='grc' dir='ltr'><strong><em>τῇ</em></strong></span> <span class='ocrx_word' id='word_1_27' title='bbox 475 836 588 922; x_wconf 82' lang='grc' dir='ltr'><strong><em>μητρὶ,</em></strong></span> <span class='ocrx_word' id='word_1_28' title='bbox 611 833 693 918; x_wconf 86' lang='grc' dir='ltr'><strong><em>πρδς</em></strong></span> <span class='ocrx_word' id='word_1_29' title='bbox 704 832 740 900; x_wconf 75' lang='grc' dir='ltr'><strong><em>δὲ</em></strong></span> <span class='ocrx_word' id='word_1_30' title='bbox 750 832 880 910; x_wconf 81' lang='grc' dir='ltr'><strong><em>τούτοις</em></strong></span> <span class='ocrx_word' id='word_1_31' title='bbox 890 828 973 916; x_wconf 72' lang='grc' dir='ltr'><strong><em>ὑπὲρ</em></strong></span> <span class='ocrx_word' id='word_1_32' title='bbox 983 840 1045 899; x_wconf 81' lang='grc' dir='ltr'><strong><em>τοῦ</em></strong></span> <span class='ocrx_word' id='word_1_33' title='bbox 1054 835 1109 901; x_wconf 83' lang='grc' dir='ltr'><strong><em>καὶ</em></strong></span> <span class='ocrx_word' id='word_1_34' title='bbox 1120 841 1188 901; x_wconf 77' lang='grc' dir='ltr'><strong><em>των</em></strong></span> <span class='ocrx_word' id='word_1_35' title='bbox 1200 833 1263 901; x_wconf 80' lang='grc' dir='ltr'><strong><em>ἄλ-</em></strong></span> 
     </span>
     <span class='ocr_line' id='line_1_5' title="bbox 312 928 1261 1020; baseline -0.003 -18"><span class='ocrx_word' id='word_1_36' title='bbox 312 942 381 1002; x_wconf 92' lang='grc' dir='ltr'><strong><em>λων</em></strong></span> <span class='ocrx_word' id='word_1_37' title='bbox 401 943 468 1002; x_wconf 77' lang='grc' dir='ltr'><strong><em>των</em></strong></span> <span class='ocrx_word' id='word_1_38' title='bbox 485 932 652 1020; x_wconf 82' lang='grc' dir='ltr'><strong><em>ἡμετέρων</em></strong></span> <span class='ocrx_word' id='word_1_39' title='bbox 669 928 827 998; x_wconf 76' lang='grc' dir='ltr'><strong><em>ἁπάντων</em></strong></span> <span class='ocrx_word' id='word_1_40' title='bbox 843 937 948 1020; x_wconf 80' lang='grc' dir='ltr'><strong><em>κυρίῳ</em></strong></span> <span class='ocrx_word' id='word_1_41' title='bbox 964 933 1131 1015; x_wconf 89' lang='grc' dir='ltr'><strong><em>γενέσθαι.</em></strong></span> <span class='ocrx_word' id='word_1_42' title='bbox 1165 932 1216 1001; x_wconf 83' lang='grc' dir='ltr'><strong><em>ὅτι</em></strong></span> <span class='ocrx_word' id='word_1_43' title='bbox 1228 928 1261 999; x_wconf 89' lang='grc' dir='ltr'><strong><em>δ’</em></strong></span> 
     </span>
     <span class='ocr_line' id='line_1_6' title="bbox 312 1028 1263 1119; baseline -0.001 -19"><span class='ocrx_word' id='word_1_44' title='bbox 312 1031 399 1102; x_wconf 81' lang='grc' dir='ltr'><strong><em>οὕτω</em></strong></span> <span class='ocrx_word' id='word_1_45' title='bbox 411 1032 504 1102; x_wconf 81' lang='grc' dir='ltr'><strong><em>ταῦτ’</em></strong></span> <span class='ocrx_word' id='word_1_46' title='bbox 517 1040 591 1119; x_wconf 78' lang='grc' dir='ltr'><strong><em>ἔχει,</em></strong></span> <span class='ocrx_word' id='word_1_47' title='bbox 603 1037 661 1117; x_wconf 81' lang='grc' dir='ltr'><strong><em>τῆς</em></strong></span> <span class='ocrx_word' id='word_1_48' title='bbox 672 1029 836 1117; x_wconf 72' lang='grc' dir='ltr'><strong><em>διαθήκης</em></strong></span> <span class='ocrx_word' id='word_1_49' title='bbox 847 1028 949 1116; x_wconf 78' lang='grc' dir='ltr'><strong><em>αὐτῆς</em></strong></span> <span class='ocrx_word' id='word_1_50' title='bbox 957 1029 1161 1110; x_wconf 75' lang='grc' dir='ltr'><strong><em>ἀκούσαντες</em></strong></span> <span class='ocrx_word' id='word_1_51' title='bbox 1169 1031 1263 1115; x_wconf 74' lang='grc' dir='ltr'><strong><em>γνοί-</em></strong></span> 
     </span>
     <span class='ocr_line' id='line_1_7' title="bbox 313 1126 1263 1218; baseline -0.003 -17"><span class='ocrx_word' id='word_1_52' title='bbox 313 1143 429 1201; x_wconf 87' lang='grc' dir='ltr'><strong><em>σεσθε·</em></strong></span> <span class='ocrx_word' id='word_1_53' title='bbox 448 1131 630 1218; x_wconf 85' lang='grc' dir='ltr'><strong><em>φανήσεται</em></strong></span> <span class='ocrx_word' id='word_1_54' title='bbox 640 1127 703 1215; x_wconf 81' lang='grc' dir='ltr'><strong><em>γὰρ</em></strong></span> <span class='ocrx_word' id='word_1_55' title='bbox 717 1126 759 1197; x_wconf 79' lang='grc' dir='ltr'><strong><em>οὐ</em></strong></span> <span class='ocrx_word' id='word_1_56' title='bbox 771 1127 894 1215; x_wconf 78' lang='grc' dir='ltr'><strong><em>πατρὸς</em></strong></span> <span class='ocrx_word' id='word_1_57' title='bbox 905 1127 988 1217; x_wconf 81' lang='grc' dir='ltr'><strong><em>ὑπὲρ</em></strong></span> <span class='ocrx_word' id='word_1_58' title='bbox 1000 1133 1100 1198; x_wconf 90' lang='grc' dir='ltr'><strong><em>υίέων</em></strong></span> <span class='ocrx_word' id='word_1_59' title='bbox 1108 1132 1263 1218; x_wconf 79' lang='grc' dir='ltr'><strong><em>γράφον-</em></strong></span> 
     </span>
     <span class='ocr_line' id='line_1_8' title="bbox 311 1226 1260 1321; baseline -0.002 -23"><span class='ocrx_word' id='word_1_60' title='bbox 311 1257 367 1309; x_wconf 92' lang='grc' dir='ltr'><strong><em>τος</em></strong></span> <span class='ocrx_word' id='word_1_61' title='bbox 383 1234 507 1297; x_wconf 78' lang='grc' dir='ltr'><strong><em>ἐοικυῖα</em></strong></span> <span class='ocrx_word' id='word_1_62' title='bbox 524 1227 685 1318; x_wconf 86' lang='grc' dir='ltr'><strong><em>διαθήκη,</em></strong></span> <span class='ocrx_word' id='word_1_63' title='bbox 707 1226 933 1297; x_wconf 74' lang='grc' dir='ltr'><strong><em>ἄλλδῑδούλου</em></strong></span> <span class='ocrx_word' id='word_1_64' title='bbox 949 1235 1199 1321; x_wconf 84' lang='grc' dir='ltr'><strong><em>λελυμασμένου</em></strong></span> <span class='ocrx_word' id='word_1_65' title='bbox 1219 1228 1260 1298; x_wconf 76' lang='grc' dir='ltr'><strong><em>τὰ</em></strong></span> 
     </span>
     <span class='ocr_line' id='line_1_9' title="bbox 267 1324 1313 1414; baseline 0.005 -21"><span class='ocrx_word' id='word_1_66' title='bbox 267 1339 304 1394; x_wconf 78' lang='lat'><strong><em>28</em></strong></span> <span class='ocrx_word' id='word_1_67' title='bbox 313 1336 381 1397; x_wconf 81' lang='grc' dir='ltr'><strong><em>τῶν</em></strong></span> <span class='ocrx_word' id='word_1_68' title='bbox 392 1332 568 1414; x_wconf 75' lang='grc' dir='ltr'><strong><em>δεσποτῶν,</em></strong></span> <span class='ocrx_word' id='word_1_69' title='bbox 580 1324 670 1407; x_wconf 79' lang='grc' dir='ltr'><strong><em>ὅπως</em></strong></span> <span class='ocrx_word' id='word_1_70' title='bbox 680 1325 724 1414; x_wconf 84' lang='grc' dir='ltr'><strong><em>μή</em></strong></span> <span class='ocrx_word' id='word_1_71' title='bbox 736 1327 836 1396; x_wconf 73' lang='grc' dir='ltr'><strong><em>διέσει</em></strong></span> <span class='ocrx_word' id='word_1_72' title='bbox 844 1333 939 1414; x_wconf 89' lang='grc' dir='ltr'><strong><em>δίκην</em></strong></span> <span class='ocrx_word' id='word_1_73' title='bbox 947 1337 1161 1411; x_wconf 85' lang='grc' dir='ltr'><strong><em>σκοποῦντος.</em></strong></span> <span class='ocrx_word' id='word_1_74' title='bbox 1185 1333 1260 1414; x_wconf 90' lang='grc' dir='ltr'><strong><em>λέγε</em></strong></span> <span class='ocrx_word' id='word_1_75' title='bbox 1270 1346 1313 1399; x_wconf 90' lang='lat' dir='ltr'><strong><em>lll</em></strong></span> 
     </span>
     <span class='ocr_line' id='line_1_10' title="bbox 313 1420 1262 1514; baseline 0.001 -20"><span class='ocrx_word' id='word_1_76' title='bbox 313 1425 345 1494; x_wconf 87' lang='grc' dir='ltr'><strong><em>δ’</em></strong></span> <span class='ocrx_word' id='word_1_77' title='bbox 375 1423 486 1505; x_wconf 81' lang='grc' dir='ltr'><strong><em>αὐτοῖς</em></strong></span> <span class='ocrx_word' id='word_1_78' title='bbox 506 1425 567 1512; x_wconf 84' lang='grc' dir='ltr'><strong><em>τήν</em></strong></span> <span class='ocrx_word' id='word_1_79' title='bbox 587 1427 754 1514; x_wconf 73' lang='grc' dir='ltr'><strong><em>διαθήκην</em></strong></span> <span class='ocrx_word' id='word_1_80' title='bbox 776 1425 897 1513; x_wconf 79' lang='grc' dir='ltr'><strong><em>αὐτήν,</em></strong></span> <span class='ocrx_word' id='word_1_81' title='bbox 924 1425 968 1511; x_wconf 81' lang='grc' dir='ltr'><strong><em>ήν</em></strong></span> <span class='ocrx_word' id='word_1_82' title='bbox 987 1420 1082 1495; x_wconf 78' lang='grc' dir='ltr'><strong><em>οὗτοι</em></strong></span> <span class='ocrx_word' id='word_1_83' title='bbox 1101 1425 1183 1513; x_wconf 78' lang='grc' dir='ltr'><strong><em>μετὰ</em></strong></span> <span class='ocrx_word' id='word_1_84' title='bbox 1202 1436 1262 1514; x_wconf 82' lang='grc' dir='ltr'><strong><em>τῆς</em></strong></span> 
     </span>
     <span class='ocr_line' id='line_1_11' title="bbox 313 1522 1263 1613; baseline 0.001 -21"><span class='ocrx_word' id='word_1_85' title='bbox 313 1525 522 1611; x_wconf 89' lang='grc' dir='ltr'><strong><em>προκλήσεως</em></strong></span> <span class='ocrx_word' id='word_1_86' title='bbox 535 1525 841 1613; x_wconf 77' lang='grc' dir='ltr'><strong><em>μεμαρτυρήκασιν·</em></strong></span> <span class='ocrx_word' id='word_1_87' title='bbox 863 1522 956 1610; x_wconf 83' lang='grc' dir='ltr'><strong><em>ὑμεῖς</em></strong></span> <span class='ocrx_word' id='word_1_88' title='bbox 973 1523 1003 1590; x_wconf 90' lang='grc' dir='ltr'><strong><em>δ’</em></strong></span> <span class='ocrx_word' id='word_1_89' title='bbox 1024 1525 1263 1611; x_wconf 81' lang='grc' dir='ltr'><strong><em>ένθυμεῖσθεδί</em></strong></span> 
     </span>
     <span class='ocr_line' id='line_1_12' title="bbox 312 1625 406 1693; baseline -0.024 -1"><span class='ocrx_word' id='word_1_90' title='bbox 312 1625 351 1693; x_wconf 90' lang='grc' dir='ltr'><strong><em>λέ</em></strong></span> <span class='ocrx_word' id='word_1_91' title='bbox 372 1650 406 1690; x_wconf 90' lang='grc' dir='ltr'><strong><em>ω.</em></strong></span> 
     </span>
     <span class='ocr_line' id='line_1_13' title="bbox 349 1649 898 1776; baseline -0.005 1"><span class='ocrx_word' id='word_1_92' title='bbox 349 1649 370 1707; x_wconf 64' lang='grc' dir='ltr'><em>γ</em></span> <span class='ocrx_word' id='word_1_93' title='bbox 676 1712 898 1776; x_wconf 82' lang='grc' dir='ltr'><em>ΛΙΑΘΗΚΗ.</em></span> 
     </span>
    </p>
   </div>
   <div class='ocr_carea' id='block_1_3' title="bbox 204 1801 1262 3813">
    <p class='ocr_par' dir='ltr' id='par_1_3' title="bbox 355 1801 1262 2231">
     <span class='ocr_line' id='line_1_14' title="bbox 439 1801 1260 1920; baseline 0.001 -46"><span class='ocrx_word' id='word_1_94' title='bbox 439 1808 529 1917; x_wconf 81' lang='grc' dir='ltr'><strong><em>[Ταδε</em></strong></span> <span class='ocrx_word' id='word_1_95' title='bbox 540 1801 653 1874; x_wconf 82' lang='grc' dir='ltr'><strong><em>διέθετο</em></strong></span> <span class='ocrx_word' id='word_1_96' title='bbox 666 1814 791 1873; x_wconf 88' lang='grc' dir='ltr'><strong><em>Πασίων</em></strong></span> <span class='ocrx_word' id='word_1_97' title='bbox 801 1805 973 1920; x_wconf 79' lang='grc' dir='ltr'><strong><em>Ἀχαρνεύς·</em></strong></span> <span class='ocrx_word' id='word_1_98' title='bbox 989 1807 1136 1892; x_wconf 89' lang='grc' dir='ltr'><strong><em>δίδωμι</em></strong></span> <span class='ocrx_word' id='word_1_99' title='bbox 1105 1836 1160 1894; x_wconf 90' lang='grc' dir='ltr'><strong><em>την</em></strong></span> <span class='ocrx_word' id='word_1_100' title='bbox 1170 1813 1260 1892; x_wconf 78' lang='grc' dir='ltr'><strong><em>ἐμαυ-</em></strong></span> 
     </span>
     <span class='ocr_line' id='line_1_15' title="bbox 355 1890 1262 2002; baseline 0.003 -46"><span class='ocrx_word' id='word_1_101' title='bbox 355 1917 406 1956; x_wconf 92' lang='grc' dir='ltr'><strong><em>του</em></strong></span> <span class='ocrx_word' id='word_1_102' title='bbox 422 1903 550 1998; x_wconf 83' lang='grc' dir='ltr'><strong><em>γυναῖκα</em></strong></span> <span class='ocrx_word' id='word_1_103' title='bbox 557 1890 724 2002; x_wconf 77' lang='grc' dir='ltr'><strong><em>Ἀρχίππην</em></strong></span> <span class='ocrx_word' id='word_1_104' title='bbox 736 1898 903 1995; x_wconf 85' lang='grc' dir='ltr'><strong><em>Φορμίωνι,</em></strong></span> <span class='ocrx_word' id='word_1_105' title='bbox 926 1896 977 1957; x_wconf 90' lang='grc' dir='ltr'><strong><em>και</em></strong></span> <span class='ocrx_word' id='word_1_106' title='bbox 987 1903 1095 1997; x_wconf 83' lang='grc' dir='ltr'><strong><em>προῖκα</em></strong></span> <span class='ocrx_word' id='word_1_107' title='bbox 1107 1897 1262 1998; x_wconf 75' lang='grc' dir='ltr'><strong><em>ἐπιδίδωμι</em></strong></span> 
     </span>
     <span class='ocr_line' id='line_1_16' title="bbox 352 1971 1261 2085; baseline 0.002 -44.007"><span class='ocrx_word' id='word_1_108' title='bbox 352 1973 499 2085; x_wconf 82' lang='grc' dir='ltr'><strong><em>Ἀρχίππη</em></strong></span> <span class='ocrx_word' id='word_1_109' title='bbox 506 1975 648 2043; x_wconf 77' lang='grc' dir='ltr'><strong><em>τάλαντον</em></strong></span> <span class='ocrx_word' id='word_1_110' title='bbox 658 1978 712 2059; x_wconf 79' lang='grc' dir='ltr'><strong><em>μὲν</em></strong></span> <span class='ocrx_word' id='word_1_111' title='bbox 721 2003 752 2041; x_wconf 93' lang='grc' dir='ltr'><strong><em>το</em></strong></span> <span class='ocrx_word' id='word_1_112' title='bbox 741 1971 798 2040; x_wconf 79' lang='grc' dir='ltr'><strong><em>ἐκ</em></strong></span> <span class='ocrx_word' id='word_1_113' title='bbox 810 1976 1012 2060; x_wconf 85' lang='grc' dir='ltr'><strong><em>Πεπαρήθου,</em></strong></span> <span class='ocrx_word' id='word_1_114' title='bbox 1030 1975 1173 2043; x_wconf 87' lang='grc' dir='ltr'><strong><em>ταλαντον</em></strong></span> <span class='ocrx_word' id='word_1_115' title='bbox 1185 1975 1256 2042; x_wconf 75' lang='grc' dir='ltr'><strong><em>δέ</em></strong></span> <span class='ocrx_word' id='word_1_116' title='bbox 1227 2005 1261 2043; x_wconf 93' lang='grc' dir='ltr'><strong><em>το</em></strong></span> 
     </span>
     <span class='ocr_line' id='line_1_17' title="bbox 356 2056 1260 2170; baseline 0.001 -44"><span class='ocrx_word' id='word_1_117' title='bbox 356 2059 497 2146; x_wconf 84' lang='grc' dir='ltr'><strong><em>αυτόθεν,</em></strong></span> <span class='ocrx_word' id='word_1_118' title='bbox 510 2065 662 2127; x_wconf 81' lang='grc' dir='ltr'><strong><em>συνοικίαν</em></strong></span> <span class='ocrx_word' id='word_1_119' title='bbox 674 2056 777 2126; x_wconf 76' lang='grc' dir='ltr'><strong><em>ἑκατὸν</em></strong></span> <span class='ocrx_word' id='word_1_120' title='bbox 787 2068 878 2141; x_wconf 79' lang='grc' dir='ltr'><strong><em>μνῶν,</em></strong></span> <span class='ocrx_word' id='word_1_121' title='bbox 889 2069 1072 2167; x_wconf 79' lang='grc' dir='ltr'><strong><em>θεραμαίνας</em></strong></span> <span class='ocrx_word' id='word_1_122' title='bbox 1083 2059 1175 2127; x_wconf 79' lang='grc' dir='ltr'><strong><em>καὶ</em></strong></span> <span class='ocrx_word' id='word_1_123' title='bbox 1143 2088 1179 2126; x_wconf 91' lang='grc' dir='ltr'><strong><em>τα</em></strong></span> <span class='ocrx_word' id='word_1_124' title='bbox 1190 2089 1260 2170; x_wconf 82' lang='grc' dir='ltr'><strong><em>χρυ-</em></strong></span> 
     </span>
     <span class='ocr_line' id='line_1_18' title="bbox 357 2141 1259 2231; baseline -0.001 -18.979"><span class='ocrx_word' id='word_1_125' title='bbox 357 2152 406 2212; x_wconf 84' lang='grc' dir='ltr'><strong><em>σία</em></strong></span> <span class='ocrx_word' id='word_1_126' title='bbox 423 2151 473 2212; x_wconf 78' lang='grc' dir='ltr'><strong><em>καὶ</em></strong></span> <span class='ocrx_word' id='word_1_127' title='bbox 488 2141 570 2212; x_wconf 70' lang='grc' dir='ltr'><strong><em>τᾶλλ’</em></strong></span> <span class='ocrx_word' id='word_1_128' title='bbox 589 2144 644 2210; x_wconf 77' lang='grc' dir='ltr'><strong><em>ὅσα</em></strong></span> <span class='ocrx_word' id='word_1_129' title='bbox 660 2142 790 2209; x_wconf 77' lang='grc' dir='ltr'><strong><em>ἐστιν’</em></strong></span> <span class='ocrx_word' id='word_1_130' title='bbox 754 2171 829 2230; x_wconf 84' lang='grc' dir='ltr'><strong><em>αντη</em></strong></span> <span class='ocrx_word' id='word_1_131' title='bbox 815 2143 979 2209; x_wconf 36' lang='grc' dir='ltr'><strong><em>’Πίνδου</em></strong></span> <span class='ocrx_word' id='word_1_132' title='bbox 966 2145 1082 2212; x_wconf 76' lang='grc' dir='ltr'><strong><em>ἅπαντα</em></strong></span> <span class='ocrx_word' id='word_1_133' title='bbox 1092 2155 1183 2212; x_wconf 84' lang='grc' dir='ltr'><strong><em>ταῦτα</em></strong></span> <span class='ocrx_word' id='word_1_134' title='bbox 1194 2155 1259 2231; x_wconf 85' lang='grc' dir='ltr'><strong><em>Αρ-</em></strong></span> 
     </span>
    </p>

    <p class='ocr_par' dir='ltr' id='par_1_4' title="bbox 204 2235 1262 2909">
     <span class='ocr_line' id='line_1_19' title="bbox 355 2235 582 2320; baseline -0.005 -23.859"><span class='ocrx_word' id='word_1_135' title='bbox 355 2236 475 2320; x_wconf 86' lang='grc' dir='ltr'><strong><em>χίππηδ</em></strong></span> <span class='ocrx_word' id='word_1_136' title='bbox 475 2235 582 2313; x_wconf 85' lang='grc' dir='ltr'><strong><em>ί.δωμι]</em></strong></span> 
     </span>
     <span class='ocr_line' id='line_1_20' title="bbox 395 2322 1262 2414; baseline -0.001 -16.994"><span class='ocrx_word' id='word_1_137' title='bbox 395 2327 588 2412; x_wconf 79' lang='grc' dir='ltr'><strong><em>Ἠκούσατε,</em></strong></span> <span class='ocrx_word' id='word_1_138' title='bbox 612 2352 638 2393; x_wconf 92' lang='grc' dir='ltr'><strong><em>ω</em></strong></span> <span class='ocrx_word' id='word_1_139' title='bbox 660 2324 778 2410; x_wconf 85' lang='grc' dir='ltr'><strong><em>ανδρες</em></strong></span> <span class='ocrx_word' id='word_1_140' title='bbox 793 2322 977 2411; x_wconf 81' lang='grc' dir='ltr'><strong><em>Ἀθηναῖοι,</em></strong></span> <span class='ocrx_word' id='word_1_141' title='bbox 998 2325 1035 2396; x_wconf 81' lang='grc' dir='ltr'><strong><em>τὸ</em></strong></span> <span class='ocrx_word' id='word_1_142' title='bbox 1057 2335 1187 2413; x_wconf 78' lang='grc' dir='ltr'><strong><em>πλῆθος</em></strong></span> <span class='ocrx_word' id='word_1_143' title='bbox 1202 2336 1262 2414; x_wconf 83' lang='grc' dir='ltr'><strong><em>της</em></strong></span> 
     </span>
     <span class='ocr_line' id='line_1_21' title="bbox 204 2424 1259 2515; baseline -0.002 -19"><span class='ocrx_word' id='word_1_144' title='bbox 204 2474 206 2478; x_wconf 60' lang='lat'>=</span> <span class='ocrx_word' id='word_1_145' title='bbox 313 2427 637 2515; x_wconf 87' lang='grc' dir='ltr'><strong><em>προικος,ταλαυτον</em></strong></span> <span class='ocrx_word' id='word_1_146' title='bbox 648 2427 684 2494; x_wconf 80' lang='grc' dir='ltr'><strong><em>ἐκ</em></strong></span> <span class='ocrx_word' id='word_1_147' title='bbox 695 2424 916 2509; x_wconf 84' lang='grc' dir='ltr'><strong><em>Πεπαρήθου</em></strong></span> <span class='ocrx_word' id='word_1_148' title='bbox 927 2425 1090 2493; x_wconf 89' lang='grc' dir='ltr'><strong><em>ταλαντον</em></strong></span> <span class='ocrx_word' id='word_1_149' title='bbox 1101 2425 1259 2512; x_wconf 88' lang='grc' dir='ltr'><strong><em>αυτοθεν,</em></strong></span> 
     </span>
     <span class='ocr_line' id='line_1_22' title="bbox 313 2523 1262 2611; baseline -0.001 -17"><span class='ocrx_word' id='word_1_150' title='bbox 313 2533 484 2594; x_wconf 87' lang='grc' dir='ltr'><strong><em>συνοικιαν</em></strong></span> <span class='ocrx_word' id='word_1_151' title='bbox 499 2523 616 2593; x_wconf 85' lang='grc' dir='ltr'><strong><em>έκατόν</em></strong></span> <span class='ocrx_word' id='word_1_152' title='bbox 631 2550 741 2608; x_wconf 90' lang='grc' dir='ltr'><strong><em>μυων,</em></strong></span> <span class='ocrx_word' id='word_1_153' title='bbox 763 2531 968 2610; x_wconf 84' lang='grc' dir='ltr'><strong><em>θεραπαίνας</em></strong></span> <span class='ocrx_word' id='word_1_154' title='bbox 984 2525 1039 2592; x_wconf 78' lang='grc' dir='ltr'><strong><em>καὶ</em></strong></span> <span class='ocrx_word' id='word_1_155' title='bbox 1048 2532 1183 2611; x_wconf 85' lang='grc' dir='ltr'><strong><em>χρυσία,</em></strong></span> <span class='ocrx_word' id='word_1_156' title='bbox 1204 2527 1262 2594; x_wconf 81' lang='grc' dir='ltr'><strong><em>καὶ</em></strong></span> 
     </span>
     <span class='ocr_line' id='line_1_23' title="bbox 312 2620 1261 2715; baseline 0.001 -23"><span class='ocrx_word' id='word_1_157' title='bbox 312 2625 423 2710; x_wconf 81' lang='grc' dir='ltr'><strong><em>τίίλλα,</em></strong></span> <span class='ocrx_word' id='word_1_158' title='bbox 436 2627 547 2710; x_wconf 83' lang='grc' dir='ltr'><strong><em>φησὶν,</em></strong></span> <span class='ocrx_word' id='word_1_159' title='bbox 560 2621 622 2691; x_wconf 84' lang='grc' dir='ltr'><strong><em>ὅσα</em></strong></span> <span class='ocrx_word' id='word_1_160' title='bbox 634 2624 722 2689; x_wconf 79' lang='grc' dir='ltr'><strong><em>ἐστὶν</em></strong></span> <span class='ocrx_word' id='word_1_161' title='bbox 733 2620 827 2710; x_wconf 83' lang='grc' dir='ltr'><strong><em>αὐτή,</em></strong></span> <span class='ocrx_word' id='word_1_162' title='bbox 839 2627 966 2708; x_wconf 90' lang='grc' dir='ltr'><strong><em>δίδωμι,</em></strong></span> <span class='ocrx_word' id='word_1_163' title='bbox 978 2623 1085 2714; x_wconf 77' lang='grc' dir='ltr'><strong><em>τούτῳ</em></strong></span> <span class='ocrx_word' id='word_1_164' title='bbox 1095 2633 1142 2715; x_wconf 78' lang='grc' dir='ltr'><strong><em>τῷ</em></strong></span> <span class='ocrx_word' id='word_1_165' title='bbox 1151 2624 1261 2711; x_wconf 78' lang='grc' dir='ltr'><strong><em>γράμ-</em></strong></span> 
     </span>
     <span class='ocr_line' id='line_1_24' title="bbox 313 2721 1260 2810; baseline -0.001 -18"><span class='ocrx_word' id='word_1_166' title='bbox 313 2751 388 2810; x_wconf 88' lang='grc' dir='ltr'><strong><em>ματι</em></strong></span> <span class='ocrx_word' id='word_1_167' title='bbox 411 2725 465 2791; x_wconf 84' lang='grc' dir='ltr'><strong><em>καὶ</em></strong></span> <span class='ocrx_word' id='word_1_168' title='bbox 485 2730 547 2789; x_wconf 83' lang='grc' dir='ltr'><strong><em>τοῦ</em></strong></span> <span class='ocrx_word' id='word_1_169' title='bbox 569 2727 703 2806; x_wconf 80' lang='grc' dir='ltr'><strong><em>ζητῆσαί</em></strong></span> <span class='ocrx_word' id='word_1_170' title='bbox 720 2748 751 2788; x_wconf 88' lang='grc' dir='ltr'><strong><em>τι</em></strong></span> <span class='ocrx_word' id='word_1_171' title='bbox 772 2731 842 2789; x_wconf 75' lang='grc' dir='ltr'><strong><em>τῶν</em></strong></span> <span class='ocrx_word' id='word_1_172' title='bbox 862 2725 1154 2807; x_wconf 85' lang='grc' dir='ltr'><strong><em>καταλειφθέντων</em></strong></span> <span class='ocrx_word' id='word_1_173' title='bbox 1175 2721 1260 2792; x_wconf 78' lang='grc' dir='ltr'><strong><em>ἄπο-</em></strong></span> 
     </span>
     <span class='ocr_line' id='line_1_25' title="bbox 311 2820 534 2909; baseline -0.014 -18"><span class='ocrx_word' id='word_1_174' title='bbox 311 2820 458 2892; x_wconf 88' lang='grc' dir='ltr'><strong><em>κλείων</em></strong></span> <span class='ocrx_word' id='word_1_175' title='bbox 439 2831 534 2909; x_wconf 79' lang='grc' dir='ltr'><strong><em>ημᾶς.</em></strong></span> 
     </span>
    </p>

    <p class='ocr_par' dir='ltr' id='par_1_5' title="bbox 268 2916 1261 3501">
     <span class='ocr_line' id='line_1_26' title="bbox 268 2916 1261 3012; baseline 0.002 -26"><span class='ocrx_word' id='word_1_176' title='bbox 268 2931 302 2986; x_wconf 76' lang='lat'><strong><em>29</em></strong></span> <span class='ocrx_word' id='word_1_177' title='bbox 396 2922 480 3006; x_wconf 88' lang='grc' dir='ltr'><strong><em>Φέρε</em></strong></span> <span class='ocrx_word' id='word_1_178' title='bbox 492 2919 531 3005; x_wconf 85' lang='grc' dir='ltr'><strong><em>δή</em></strong></span> <span class='ocrx_word' id='word_1_179' title='bbox 544 2917 683 3012; x_wconf 80' lang='grc' dir='ltr'><strong><em>δείξω</em></strong></span> <span class='ocrx_word' id='word_1_180' title='bbox 647 2946 709 3006; x_wconf 87' lang='grc' dir='ltr'><strong><em>την</em></strong></span> <span class='ocrx_word' id='word_1_181' title='bbox 718 2927 885 3004; x_wconf 89' lang='grc' dir='ltr'><strong><em>μισθωσιυ</em></strong></span> <span class='ocrx_word' id='word_1_182' title='bbox 903 2916 984 3004; x_wconf 84' lang='grc' dir='ltr'><strong><em>ὑμῖν</em></strong></span> <span class='ocrx_word' id='word_1_183' title='bbox 1002 2917 1109 2987; x_wconf 86' lang='grc' dir='ltr'><strong><em>καθ’</em></strong></span> <span class='ocrx_word' id='word_1_184' title='bbox 1095 2946 1138 3006; x_wconf 90' lang='grc' dir='ltr'><strong><em>ην</em></strong></span> <span class='ocrx_word' id='word_1_185' title='bbox 1148 2923 1261 3006; x_wconf 88' lang='grc' dir='ltr'><strong><em>έμεμι</em></strong></span> 
     </span>
     <span class='ocr_line' id='line_1_27' title="bbox 313 3008 1260 3105; baseline -0.002 -19"><span class='ocrx_word' id='word_1_186' title='bbox 313 3030 424 3088; x_wconf 86' lang='grc' dir='ltr'><strong><em>σθωτο</em></strong></span> <span class='ocrx_word' id='word_1_187' title='bbox 435 3017 497 3105; x_wconf 84' lang='grc' dir='ltr'><strong><em>τὴν</em></strong></span> <span class='ocrx_word' id='word_1_188' title='bbox 507 3008 670 3103; x_wconf 79' lang='grc' dir='ltr'><strong><em>τράπεζαν</em></strong></span> <span class='ocrx_word' id='word_1_189' title='bbox 682 3017 770 3105; x_wconf 78' lang='grc' dir='ltr'><strong><em>παρὰ</em></strong></span> <span class='ocrx_word' id='word_1_190' title='bbox 784 3027 845 3086; x_wconf 85' lang='grc' dir='ltr'><strong><em>τοῦ</em></strong></span> <span class='ocrx_word' id='word_1_191' title='bbox 855 3015 977 3104; x_wconf 84' lang='grc' dir='ltr'><strong><em>πατρὸς</em></strong></span> <span class='ocrx_word' id='word_1_192' title='bbox 989 3010 1095 3096; x_wconf 83' lang='grc' dir='ltr'><strong><em>οὗτος.</em></strong></span> <span class='ocrx_word' id='word_1_193' title='bbox 1127 3016 1232 3086; x_wconf 80' lang='grc' dir='ltr'><strong><em>καὶ</em></strong></span> <span class='ocrx_word' id='word_1_194' title='bbox 1192 3044 1260 3104; x_wconf 89' lang='grc' dir='ltr'><strong><em>γαρ</em></strong></span> 
     </span>
     <span class='ocr_line' id='line_1_28' title="bbox 312 3116 1261 3239; baseline -0.001 -55"><span class='ocrx_word' id='word_1_195' title='bbox 312 3119 348 3184; x_wconf 79' lang='grc' dir='ltr'><strong><em>ἐκ</em></strong></span> <span class='ocrx_word' id='word_1_196' title='bbox 358 3116 493 3203; x_wconf 82' lang='grc' dir='ltr'><strong><em>ταύτης,</em></strong></span> <span class='ocrx_word' id='word_1_197' title='bbox 505 3121 621 3201; x_wconf 91' lang='grc' dir='ltr'><strong><em>καίπερ</em></strong></span> <span class='ocrx_word' id='word_1_198' title='bbox 633 3117 939 3239; x_wconf 78' lang='grc' dir='ltr'><strong><em>έσκευωρημέυης,’</em></strong></span> <span class='ocrx_word' id='word_1_199' title='bbox 926 3116 1084 3196; x_wconf 72' lang='grc' dir='ltr'><strong><em>όψεσθε”</em></strong></span> <span class='ocrx_word' id='word_1_200' title='bbox 1064 3142 1115 3185; x_wconf 92' lang='grc' dir='ltr'><strong><em>οτι</em></strong></span> <span class='ocrx_word' id='word_1_201' title='bbox 1126 3118 1261 3202; x_wconf 80' lang='grc' dir='ltr'><strong><em>πλάσμα</em></strong></span> 
     </span>
     <span class='ocr_line' id='line_1_29' title="bbox 313 3207 1260 3303; baseline 0 -21"><span class='ocrx_word' id='word_1_202' title='bbox 313 3213 394 3283; x_wconf 83' lang='grc' dir='ltr'><strong><em>ὅλον</em></strong></span> <span class='ocrx_word' id='word_1_203' title='bbox 410 3212 530 3283; x_wconf 68' lang='grc' dir='ltr'><strong><em>ἐστίν’</em></strong></span> <span class='ocrx_word' id='word_1_204' title='bbox 514 3242 536 3300; x_wconf 95' lang='grc' dir='ltr'><strong><em>η</em></strong></span> <span class='ocrx_word' id='word_1_205' title='bbox 553 3216 705 3303; x_wconf 90' lang='grc' dir='ltr'><strong><em>διαθήκη.</em></strong></span> <span class='ocrx_word' id='word_1_206' title='bbox 730 3219 833 3294; x_wconf 82' lang='grc' dir='ltr'><strong><em>δείξω</em></strong></span> <span class='ocrx_word' id='word_1_207' title='bbox 850 3213 915 3282; x_wconf 88' lang='grc' dir='ltr'><strong><em>δ’</em></strong></span> <span class='ocrx_word' id='word_1_208' title='bbox 900 3243 944 3303; x_wconf 87' lang='grc' dir='ltr'><strong><em>ην</em></strong></span> <span class='ocrx_word' id='word_1_209' title='bbox 961 3207 1058 3295; x_wconf 85' lang='grc' dir='ltr'><strong><em>οὗτος</em></strong></span> <span class='ocrx_word' id='word_1_210' title='bbox 1080 3217 1260 3301; x_wconf 88' lang='grc' dir='ltr'><strong><em>παρέσχετο</em></strong></span> 
     </span>
     <span class='ocr_line' id='line_1_30' title="bbox 312 3306 1260 3405; baseline -0.001 -24"><span class='ocrx_word' id='word_1_211' title='bbox 312 3320 488 3399; x_wconf 85' lang='grc' dir='ltr'><strong><em>μίσθωσιν,</em></strong></span> <span class='ocrx_word' id='word_1_212' title='bbox 502 3311 562 3405; x_wconf 75' lang='grc' dir='ltr'><strong><em>οὐκ</em></strong></span> <span class='ocrx_word' id='word_1_213' title='bbox 573 3313 677 3401; x_wconf 75' lang='grc' dir='ltr'><strong><em>ἄλλην</em></strong></span> <span class='ocrx_word' id='word_1_214' title='bbox 687 3315 819 3398; x_wconf 82' lang='grc' dir='ltr'><strong><em>τιυά,’έν</em></strong></span> <span class='ocrx_word' id='word_1_215' title='bbox 831 3306 855 3401; x_wconf 85' lang='grc' dir='ltr'><strong><em>ή</em></strong></span> <span class='ocrx_word' id='word_1_216' title='bbox 865 3321 1130 3400; x_wconf 80' lang='grc' dir='ltr'><strong><em>προσγέγραπται</em></strong></span> <span class='ocrx_word' id='word_1_217' title='bbox 1140 3316 1260 3381; x_wconf 79' lang='grc' dir='ltr'><strong><em>ἕνδεκα</em></strong></span> 
     </span>
     <span class='ocr_line' id='line_1_31' title="bbox 312 3410 1261 3501; baseline -0.002 -21"><span class='ocrx_word' id='word_1_218' title='bbox 312 3411 455 3481; x_wconf 79' lang='grc' dir='ltr'><strong><em>τάλαντα</em></strong></span> <span class='ocrx_word' id='word_1_219' title='bbox 467 3410 484 3482; x_wconf 85' lang='grc' dir='ltr'>ὁ</span> <span class='ocrx_word' id='word_1_220' title='bbox 496 3415 600 3501; x_wconf 89' lang='grc' dir='ltr'><strong><em>πατήρ</em></strong></span> <span class='ocrx_word' id='word_1_221' title='bbox 612 3412 756 3497; x_wconf 88' lang='grc' dir='ltr'><strong><em>ὀφείλων</em></strong></span> <span class='ocrx_word' id='word_1_222' title='bbox 768 3420 814 3491; x_wconf 83' lang='grc' dir='ltr'><strong><em>είς</em></strong></span> <span class='ocrx_word' id='word_1_223' title='bbox 823 3411 882 3491; x_wconf 80' lang='grc' dir='ltr'><strong><em>τὰς</em></strong></span> <span class='ocrx_word' id='word_1_224' title='bbox 891 3413 1171 3500; x_wconf 85' lang='grc' dir='ltr'><strong><em>παρακαταθήκας</em></strong></span> <span class='ocrx_word' id='word_1_225' title='bbox 1178 3410 1261 3479; x_wconf 84' lang='grc' dir='ltr'><strong><em>τού-</em></strong></span> 
     </span>
    </p>

    <p class='ocr_par' dir='ltr' id='par_1_6' title="bbox 268 3510 1260 3795">
     <span class='ocr_line' id='line_1_32' title="bbox 268 3510 1260 3601; baseline -0.003 -21"><span class='ocrx_word' id='word_1_226' title='bbox 268 3525 367 3601; x_wconf 85' lang='grc' dir='ltr'><strong><em>3οτω.</em></strong></span> <span class='ocrx_word' id='word_1_227' title='bbox 388 3510 508 3598; x_wconf 89' lang='grc' dir='ltr'><strong><em>έστιδ,</em></strong></span> <span class='ocrx_word' id='word_1_228' title='bbox 523 3513 629 3601; x_wconf 79' lang='grc' dir='ltr'><strong><em>οἶμαι,</em></strong></span> <span class='ocrx_word' id='word_1_229' title='bbox 641 3538 745 3578; x_wconf 89' lang='grc' dir='ltr'><strong><em>ταυτα</em></strong></span> <span class='ocrx_word' id='word_1_230' title='bbox 755 3537 900 3581; x_wconf 90' lang='grc' dir='ltr'><strong><em>τοιαυτα</em></strong></span> <span class='ocrx_word' id='word_1_231' title='bbox 929 3539 997 3580; x_wconf 92' lang='grc' dir='ltr'><strong><em>των</em></strong></span> <span class='ocrx_word' id='word_1_232' title='bbox 1008 3539 1069 3598; x_wconf 84' lang='grc' dir='ltr'><strong><em>μευ</em></strong></span> <span class='ocrx_word' id='word_1_233' title='bbox 1080 3521 1166 3579; x_wconf 84' lang='grc' dir='ltr'><strong><em>οίκοι</em></strong></span> <span class='ocrx_word' id='word_1_234' title='bbox 1177 3536 1260 3596; x_wconf 92' lang='grc' dir='ltr'><strong><em>χρη</em></strong></span> 
     </span>
     <span class='ocr_line' id='line_1_33' title="bbox 311 3607 1260 3730; baseline -0.003 -53"><span class='ocrx_word' id='word_1_235' title='bbox 311 3637 424 3696; x_wconf 90' lang='grc' dir='ltr'><strong><em>ματων</em></strong></span> <span class='ocrx_word' id='word_1_236' title='bbox 447 3639 489 3691; x_wconf 92' lang='grc' dir='ltr'><strong><em>ως</em></strong></span> <span class='ocrx_word' id='word_1_237' title='bbox 510 3613 562 3680; x_wconf 80' lang='grc' dir='ltr'><strong><em>ἐπὶ</em></strong></span> <span class='ocrx_word' id='word_1_238' title='bbox 580 3619 621 3730; x_wconf 84' lang='grc' dir='ltr'><strong><em>τή</em></strong></span> <span class='ocrx_word' id='word_1_239' title='bbox 641 3612 738 3696; x_wconf 83' lang='grc' dir='ltr'><strong><em>μητρὶ</em></strong></span> <span class='ocrx_word' id='word_1_240' title='bbox 761 3613 931 3678; x_wconf 87' lang='grc' dir='ltr'><strong><em>δοθέντων</em></strong></span> <span class='ocrx_word' id='word_1_241' title='bbox 949 3609 1002 3677; x_wconf 81' lang='grc' dir='ltr'><strong><em>διὰ</em></strong></span> <span class='ocrx_word' id='word_1_242' title='bbox 1019 3617 1077 3728; x_wconf 84' lang='grc' dir='ltr'><strong><em>τής</em></strong></span> <span class='ocrx_word' id='word_1_243' title='bbox 1094 3607 1260 3693; x_wconf 88' lang='grc' dir='ltr'><strong><em>διαθήκης</em></strong></span> 
     </span>
     <span class='ocr_line' id='line_1_34' title="bbox 310 3699 1253 3813; baseline -0.004 -37"><span class='ocrx_word' id='word_1_244' title='bbox 310 3705 413 3777; x_wconf 83' lang='grc' dir='ltr'><strong><em>αὑτὸν</em></strong></span> <span class='ocrx_word' id='word_1_245' title='bbox 429 3711 559 3795; x_wconf 89' lang='grc' dir='ltr'><strong><em>έποίησε</em></strong></span> <span class='ocrx_word' id='word_1_246' title='bbox 576 3707 710 3795; x_wconf 80' lang='grc' dir='ltr'><strong><em>κύριον,</em></strong></span> <span class='ocrx_word' id='word_1_247' title='bbox 735 3708 844 3792; x_wconf 71' lang='grc' dir='ltr'><strong><em>ὥσπερ</em></strong></span> <span class='ocrx_word' id='word_1_248' title='bbox 856 3707 1019 3795; x_wconf 82' lang='grc' dir='ltr'><strong><em>ἀκηκόατε</em></strong></span> <span class='ocrx_word' id='word_1_249' title='bbox 1029 3707 1120 3813; x_wconf 79' lang='grc' dir='ltr'><strong><em>ἄρτι,</em></strong></span> <span class='ocrx_word' id='word_1_250' title='bbox 1142 3699 1253 3773; x_wconf 82' lang='grc' dir='ltr'><strong><em>τῶνδ’</em></strong></span> 
     </span>
    </p>
   </div>
   <div class='ocr_carea' id='block_1_4' title="bbox 0 0 1584 4409">
    <p class='ocr_par' dir='ltr' id='par_1_7' title="bbox 0 0 1584 4409">
     <span class='ocr_line' id='line_1_35' title="bbox 0 0 1584 4409; baseline 0 2"><span class='ocrx_word' id='word_1_251' title='bbox 0 0 1584 4409; x_wconf 95' lang='lat' dir='ltr'><strong><em> </em></strong></span> 
     </span>
    </p>
   </div>
  </div>
 </body>
</html>
