3159 4409
512 493 657 557 ΚΑΤΑ
677 493 1026 558 ΣΤΕΦΑ-ΝΟῬΒ»
1198 497 1239 561 9³

289 669 371 748 φασί
381 662 485 724 ταῦτα
497 652 720 722 διαθέσθαι
685 680 746 722 τον
756 657 897 740 πατέρα,
917 653 962 734 ὡς
972 656 1008 723 δέ
1018 658 1239 742 παρεγένοντο

289 756 352 826 οὐκ
364 761 498 842 ἔχουσιν
513 750 691 833 ὑποδεῖξαι.
719 748 814 832 όῖξιου
827 752 863 821 δέ
879 756 934 821 καὶ
952 755 1028 822 τόδε
1044 758 1242 876 ἐνθυμηθή-

289 882 354 943 ναι,
366 853 418 923 ὅτι
429 853 502 922 ὅσοι
512 879 557 974 μη
546 849 771 937 ἐπεποίηντο,
783 848 852 919 ἀλλ’
865 842 952 938 ἦσαν
963 852 1149 938 πεφυκότες
1158 853 1243 941 γνή-

289 974 372 1033 σιοι,
392 948 882 1036 τοότοιςὸνόμοςδίδωσιν,’
847 943 1098 1030 εανόίπαιδες
1069 971 1147 1038 ωσι,
1169 956 1242 1021 δια-

289 1054 415 1121 θέσθαι
431 1047 471 1118 τόι
489 1051 626 1118 ἑαυτῶν.
659 1075 678 1117 ο
667 1044 813 1117 τοίνυν
829 1049 936 1136 πατὴρ
953 1048 1050 1136 ἡμων
1067 1053 1264 1137 ἐπεποίητο,

289 1146 356 1217 ὑπὸ
373 1155 435 1217 τοῦ
452 1148 559 1234 δήμου
577 1140 727 1233 πολίτης,
750 1146 834 1216 ὥστε
851 1148 930 1217 οὐδὲ
949 1150 1032 1217 κατὰ
1047 1157 1146 1218 τοῦτο
1165 1153 1243 1235 ἐξῆν

289 1245 380 1338 αὐτῷ
392 1251 571 1315 διαθέσθαι
581 1246 765 1333 διαθήκην,
789 1246 898 1326 ἄλλως
915 1274 949 1315 τε
959 1250 1100 1332 καὶπερὶ
1110 1254 1169 1335 τής
1179 1267 1243 1333 γυ-

289 1344 420 1428 ναικὸς,
439 1375 479 1434 ης
496 1345 575 1416 οὐδὲ
591 1345 707 1433 κύριος
722 1348 759 1414 ἐκ
782 1372 852 1413 των
866 1347 981 1432 νόμων
996 1339 1055 1433 ήν,
1078 1350 1191 1424 παῖδές
1206 1373 1243 1415 τε

252 1440 379 1568 ιρησαν
394 1445 493 1537 αυτῷ.
529 1445 753 1526 σκέψασθεδέ
769 1446 826 1513 καὶ
843 1445 928 1513 διότι
945 1442 1054 1514 ουδ’
1032 1472 1075 1512 αν
1086 1470 1185 1523 απαις
1193 1471 1243 1524 τις
1321 1488 1323 1491 v

287 1538 320 1633 ή,
333 1543 449 1630 κύριός
461 1544 577 1611 ἐστιτὰ
594 1539 699 1610 αὑτου
686 1544 913 1630 διαθέσθαι,
931 1543 1042 1612 ἐὰν
1002 1571 1046 1630 μη
1064 1569 1103 1610 ευ
1116 1550 1240 1633 φρονῇ·

286 1650 456 1711 νοσουντα
475 1637 548 1710 δέ
526 1669 547 1728 η
566 1667 793 1727 φαρμακοοντα
811 1669 832 1760 η
819 1637 983 1764 ’γυναικὶ
998 1643 1200 1764 πειθόμενον
1220 1636 1243 1727 ή

286 1739 355 1810 υπὸ
375 1741 486 1828 γήρως
501 1737 601 1828 ήὺπὸ
621 1767 749 1828 μανιαν
764 1768 786 1828 η
805 1739 871 1809 ὑπό
883 1740 1030 1864 ανοῖγκης
1040 1739 1130 1820 τινός
1140 1766 1242 1809 κατα-

287 1840 498 1929 ληφθέντα
475 1867 606 1925 ακυρον
616 1840 814 1909 κελευουσιν
823 1839 908 1908 εἶναι
919 1841 1003 1909 οί
961 1868 1067 1928 νομοι
1091 1852 1242 1908 σκοπεῖτε

290 1939 389 2026 δή,ε
372 1944 579 2008 είδοκοῦσιν
594 1937 676 2026 υμῖν
692 1965 731 2006 ευ
748 1947 958 2026 φρονοῦντος
973 1939 1097 2028 ἀνδρός
1113 1937 1198 2007 εἶναι
1208 1941 1245 2004 αί
1252 1948 1321 2004 1134

250 2057 282 2114 17
291 2037 513 2124 διαθηκαι,
490 2065 529 2117 ας
545 2058 627 2125 φασι
645 2031 885 2106 διαθέσθαι
841 2065 935 2106 ουτοι
952 2037 1012 2107 τὸν
1032 2041 1166 2125 πατέρα
1198 2026 1243 2123 μή

292 2135 377 2224 πρὸς
394 2136 474 2205 ἄλλο
487 2139 526 2206 δέ
533 2163 564 2205 τι
580 2137 787 2226 παράδειγμα
803 2132 1013 2225 σκέψησθε”
990 2165 1011 2224 η
1024 2162 1107 2221 προς
1117 2165 1179 2224 την
1189 2145 1245 2225 μί-

293 2247 440 2323 σθωσιν,
459 2261 488 2304 ει
482 2240 593 2305 ’δοκεῖ
605 2234 688 2322 ὑμίν
699 2234 932 2305 ακόλουθον
903 2263 987 2304 ειναι
997 2244 1044 2322 τῷ
1053 2263 1116 2322 την
1126 2241 1245 2323 τέχνην

293 2333 338 2423 μή
350 2337 503 2416 ἐξουσίαν
514 2335 605 2402 δόντι
617 2336 653 2402 έν
663 2343 711 2421 τῷ
720 2334 812 2423 αὐτῷ
819 2334 901 2420 «ἡμῖν
912 2334 1125 2420 ἐργάζεσθαι,
1136 2336 1244 2422 τούτῳ

293 2433 358 2521 τήν
371 2445 513 2521 γυναῖκα
529 2437 648 2499 δοῦναι
664 2429 726 2518 τήν
743 2428 849 2499 αὑτοῦ
864 2435 920 2500 καὶ
937 2439 1004 2499 τῶν
1015 2436 1143 2499 παίδων
1154 2435 1248 2499 ἐᾶσαι

294 2528 565 2621 κοινωνόναὺτῷ
582 2535 749 2616 γενέσθαι.
779 2531 836 2598 καὶ
853 2527 897 2616 μή
911 2529 1112 2615 θαυμάζετε,
1130 2528 1248 2598 είτόιλ-

295 2641 337 2700 λα
355 2633 655 2719 σκευωρουμένουςΙ
669 2628 793 2709 αὐτοὺς
809 2628 849 2696 τό
865 2632 903 2698 ἐν
919 2637 960 2718 τῇ
976 2628 1138 2716 μισθόσει
1149 2635 1248 2697 τοῦτο

295 2736 495 2818 παρέλαθεν.
535 2741 614 2810 ίσοος
630 2730 692 2817 μὲν
709 2728 773 2817 γὰρ
792 2727 872 2798 οὐδὲ
887 2742 1065 2816 προσεῖχον
1081 2727 1171 2817 ἄλλῳ
1189 2722 1250 2794 013-

295 2834 367 2900 δενὶ
387 2827 410 2918 ή
430 2840 478 2921 τῷ
498 2829 539 2899 τοὶ
560 2831 710 2917 χρήματα
736 2828 959 2915 ἀποστερῆσαι
980 2830 1102 2916 καὶτῷ
1124 2845 1250 2910 προσο-

296 2936 486 3015 φείλοντα
476 2926 536 2997 τόν
557 2933 681 3016 πατέρα
708 2927 886 3015 ἐγγράψαι·
927 2926 995 2996 εἶτα
1017 2926 1053 2994 δέ
1074 2894 1153 2994 όόδέ
1173 2925 1250 2992 ἐδό-

295 3055 381 3098 κουν
399 3028 515 3116 ἐμέ“
472 3055 560 3098 ουτω
579 3026 691 3098 δεινόν
707 3033 845 3097 ἔσεσθαι
871 3026 955 3095 ωστε
978 3051 1082 3094 ταυτα
1103 3023 1250 3110 όκριβως
1369 3026 1374 3044 “

296 3130 454 3209 ἐξετάσαι.

256 3241 290 3296 18
381 3233 563 3308 Σκέψασθε
572 3235 688 3296 τοίνυν
698 3230 753 3296 καὶ
764 3253 843 3305 τους
853 3251 989 3312 νομους,
997 3213 1250 3304 παρἀνκελεύ-

297 3345 374 3395 ουσι
383 3326 441 3405 τὰς
452 3327 573 3412 ἐγγύας
584 3337 768 3413 ποιεῖσθαι,
778 3323 819 3394 ἵν’
833 3330 937 3410 εἰδῆτε
951 3324 1005 3391 καὶ
1018 3325 1054 3389 ἐκ
1065 3322 1194 3390 τούτων
1204 3319 1250 3400 ὡς

297 3427 603 3513 κατεσκευασμένης
631 3427 795 3514 διαθήκης
821 3422 946 3510 ψευδής
978 3422 1104 3510 μόρτυς
1132 3427 1249 3511 γέγονε

298 3526 473 3613 Στέφανος
484 3522 605 3593 οὑτοσί.
628 3530 710 3611 λέγε.

687 3629 886 3693 ΝΟΜΟΣ..

386 3720 454 3809 [Ὴν
470 3721 508 3789 δν
519 3723 647 3814 ἐγγυήσῃ
659 3727 706 3790 ἐπὶ
717 3729 842 3800 δικαίοις
862 3719 996 3809 δόμαρτα
1005 3721 1081 3789 εἶναι
1092 3713 1219 3803 ἢπατήρ
1230 3711 1251 3799 ἢ
