3159 4409
385 493 393 503 “
459 478 601 543 ΚΑΤΑ
623 473 1060 540 οκναωιοκωεου.
1174 458 1237 538 ιἐο

242 642 387 718 μυπάλιν
408 640 629 728 κομιούμεθα.
676 640 732 706 καὶ
754 636 863 704 ἐδόκει
884 630 963 721 ἡμῖν
982 635 1237 722 βουλευομένοις

285 748 550 828 προσκαλεῖσθαι
559 734 637 814 τούς
646 737 954 820 ἐπιδεδικασμένους
962 730 1112 801 νατάτόν
1120 734 1235 820 νόμον,

285 841 341 908 καὶ
352 842 388 906 ἐκ
399 844 468 906 τῶν
484 834 704 924 ὑπαρχόντων
722 832 973 920 ἀσφαλέστατον
987 832 1071 901 εἶναι
1082 830 1126 919 μὴ
1144 836 1181 901 ἐν
1191 840 1237 923 τςό

285 934 377 1024 αὐτῷ
394 933 481 1021 ἡμᾶς
496 933 705 1021 ἀμφοτέρους
721 931 781 1001 τὸν
798 935 958 1001 κίνδυνον
977 940 1145 1001 ποιεῖσθαι
1154 929 1238 1014 πρὸς

285 1033 365 1112 τούς
377 1031 686 1120 ἀμφισβητοῦντας,
706 1029 789 1100 ἀλλά
801 1033 899 1119 χωρὶς
909 1032 1082 1119 ἑκάτερον,
1093 1033 1149 1099 καὶ
1158 1037 1237 1098 τοῦ·

285 1158 347 1201 τον
356 1133 418 1218 μὲν
431 1128 700 1219 Ὀλυμπιόδωρον
710 1128 793 1201 ὅλου
804 1139 865 1200 τοῦ
881 1131 1009 1218 κλήρου
1024 1140 1152 1219 λαχεῖν,
1170 1128 1238 1197 036-

287 1255 349 1320 περ
361 1229 398 1298 τὰ
410 1230 590 1316 πρότερον,
611 1231 665 1298 καὶ
676 1226 897 1314 ἀγωνίζεσθαι
907 1226 983 1297 καθ’
994 1226 1114 1311 αὑτὸν,
1136 1226 1191 1313 ἐμὲ
1202 1228 1237 1295 δὲ

240 1336 351 1408 3ρτοῦ
367 1327 584 1417 ἡμικληρίου,
607 1327 717 1414 ἐπειδὴ
739 1331 795 1396 καὶ
811 1328 1005 1406 Κάλλιππος
1022 1325 1040 1394 ὁ
1057 1323 1234 1412 ἀδελφόςὸ

285 1426 365 1514 ἐμός
380 1453 440 1495 του
428 1426 656 1514 ἡμικληρίου
673 1426 780 1512 μόνον
804 1425 1020 1513 ἠμφισβήτει,
1049 1424 1154 1508 ὅπως,
1177 1421 1237 1494 ἐὰν

285 1526 348 1614 μὲν
363 1523 646 1620 Ὀλυμπιόδωρος
648 1523 764 1593 οὑτοσὶ
780 1524 915 1612 ἐπιτύχῃ
931 1523 1148 1611 τοῦάγωνος,
1172 1521 1236 1610 ἐμοὶ

284 1651 371 1693 κατα
381 1650 439 1702 τας
447 1623 620 1708 συνθηκας
630 1624 686 1691 καὶ
695 1647 773 1701 τους
782 1620 1012 1708 ορκουςταλιν
1022 1648 1059 1689 το
1048 1619 1237 1708 μεροςλα

284 1729 380 1808 βοιμι
397 1719 485 1806 παρὰ
503 1718 640 1806 τούτου,
664 1720 723 1789 ἐὰν
741 1717 810 1786 δ”’
768 1717 836 1838 αρ’
848 1717 997 1808 ἀποτόχη
1012 1718 1120 1788 καὶ
1084 1746 1124 1787 τα
1142 1722 1236 1806 ἕτερα

285 1821 547 1903 ψηφίσωνταιοί
532 1817 720 1902 ίδ,ικασταλ
738 1841 837 1895 ουτος
852 1813 925 1901 παρ’
937 1814 1070 1903 ἐμοῦτὰ
1080 1819 1162 1903 με’ρη
1173 1843 1236 1885 κα-

287 1924 354 1994 λως
364 1917 419 1982 καὶ
431 1918 564 1993 δικαίως
575 1866 855 2002 ἀπολαμβάνοι,”
828 1935 937 2001 ωσπερ
948 1913 1123 2003 ω’μόσαμεν
1133 1914 1235 2003 ἀλλη-
1312 1991 1323 2005 χ

287 2014 655 2098 λοιςκαίσυνεδὲμεθα.
684 2009 795 2098 ἐπειδη
814 2011 850 2080 δ
866 2021 947 2081 ταῦτ
946 2011 1235 2101 ’ἐβουλευσάμεθα

287 2139 342 2181 και
332 2111 460 2179 ἐδόκει
471 2107 687 2197 ἀσφαλέστατ’
700 2109 783 2180 εἰναι
801 2114 856 2180 καὶ
867 2115 937 2198 ἐμοὶ
947 2116 1003 2182 καὶ
1012 2111 1235 2200 Ὀλυμπιοδώ-

288 2236 348 2301 ρω,
362 2209 676 2331 προσεκλήθησαν”
653 2236 796 2288 απαντες
813 2215 847 2278 οἱ
856 2210 1030 2296 ἔχοντες
994 2237 1034 2280 τα
1044 2238 1104 2279 του
1092 2212 1234 2280 Κόνω-

287 2336 347 2389 νος
357 2336 440 2377 κατα
450 2335 511 2375 τον
522 2335 636 2395 νομον
656 2305 958 2394 καιμοιαναγνωθι
967 2307 1232 2394 τοννομον,καθ

288 2434 360 2493 ονη
350 2405 601 2491 ’πρόσκλησις’
585 2408 722 2509 εγίνετο.

679 2509 857 2570 ΝΟΜΟΣ.

243 2636 278 2689 31
373 2602 467 2670 Κατά
485 2603 545 2669 τόν
562 2600 668 2688 νόμον
685 2608 822 2685 τοῦτον,
844 2591 873 2668 τό
892 2597 1011 2685 ἀνδρες
1031 2604 1193 2689 δικασταὶ,
1214 2601 1235 2690 ἡ

287 2701 490 2789 πρόσκλησις
500 2701 647 2786 ἐγένετο,
665 2702 720 2768 καὶ
736 2697 794 2778 τάς
806 2697 1065 2787 ἀμφισβητήσεις
1074 2698 1234 2787 ἀντεμρα·

287 2800 443 2887 ψάμεδα,
461 2796 502 2866 ὃν
512 2799 637 2885 τρόπον
651 2799 759 2888 τούτῳ
770 2796 877 2868 ἐδόκει
885 2795 1146 2889 Ὀλυμπιοδώρῳ.
1180 2804 1235 2868 καὶ

287 2896 370 2984 μετά
386 2894 513 2965 ταῦθ’ἱι
532 2895 644 2982 ἀρχων
661 2895 814 2981 ἀνέκρινε
832 2905 932 2966 πᾶσιν
942 2896 1022 2986 ἡμῖν
1032 2913 1099 2978 τοῖς
1109 2897 1234 2986 ἀμφισ-

286 2997 444 3084 βητοῦσι,
457 2998 511 3063 καὶ
523 2993 702 3082 ἀνακρίνας
713 2997 888 3083 εἰσήγαγεν
898 3004 944 3077 είς
957 2996 994 3065 τὸ
1014 2999 1233 3084 δικαστήριον.

287 3097 344 3163 καὶ
355 3091 470 3162 οὑτοσί
482 3091 747 3181 Ὀλυμπιόδωρος
756 3094 930 3184 η’μωνιζετο
942 3122 1087 3184 πρωτος,
1100 3125 1154 3166 και
1143 3100 1235 3166 ἔλε-

271 3189 381 3277 ‘yffi
360 3218 378 3257 ο
390 3216 421 3256 τι
438 3191 617 3280 ἐβούλετο,
633 3196 687 3261 καί
704 3202 885 3282 μαρτυρίας
901 3201 1069 3282 παρείχετο
1081 3193 1120 3275 ἀς
1129 3197 1310 3273 ἐδόκει1176

287 3290 411 3378 τούτω·
433 3287 537 3376 κάμω,
557 3317 583 3358 ω
572 3283 724 3378 ἀνδρες
746 3295 911 3379 δικασταὶ,
935 3300 1042 3380 σιωπῇ
1063 3289 1234 3384 ἐκαθήμην

288 3372 413 3471 ἀπίτω]
424 3390 538 3473 ἑτέρου
548 3389 703 3477 βηματος
736 3399 858 3460 τοῦτον
875 3389 961 3458 δε
926 3417 988 3459 τον
998 3416 1124 3491 τροπον
1133 3421 1234 3463 κατα

242 3507 278 3563 32
288 3491 532 3568 σκευασθεντος
543 3514 603 3557 του
615 3517 744 3576 αμωνος
754 3479 958 3577 ἐνίκησεν
915 3515 1013 3570 ουτος
1022 3493 1149 3579 ρμδιως
1182 3519 1235 3559 νι-

286 3586 392 3672 κησας
403 3585 438 3653 δε
448 3588 502 3654 καλ
514 3589 777 3675 διαπραξόμενος
788 3586 910 3657 ἅπανθ’
924 3587 987 3656 ὅσα
1002 3591 1234 3708 ἐβουλήθημεν

283 3687 605 3776 ἐντῷδικαστηρίμ,
627 3715 669 3756 κα
670 3683 874 3774 λάπολαβων
888 3683 976 3774 παρά
993 3713 1061 3756 των
1071 3710 1235 3773 προτερον
1333 3766 1336 3771 ¹

329 3779 466 3834 Demosth.
488 3781 548 3835 Vol.
559 3782 608 3835 111.
1065 3784 1083 3838 9
