3159 4409
509 491 790 555 1112001M1A.
815 495 973 584 νιο-ηι,
1145 489 1209 554 347

219 711 222 721 .
261 662 483 742 ἐνοχλεῖσθαι;
501 658 530 720 εί
546 653 581 718 δὲ
598 665 747 719 σκοπεῖτε
759 653 813 718 καὶ
823 651 1028 737 βουλεύεσθε
1040 650 1085 730 τός
1095 655 1131 721 ἐκ
1141 661 1209 721 τεόν

261 752 502 842 ῥηθησομένων
519 748 692 834 δοκιμάσαι
709 750 803 833 θέον,-
825 745 887 815 ούκ
898 747 1009 830 ὀρθῶς
1020 748 1130 833 ἔχειτὰ
1142 778 1208 819 κω-

261 853 355 921 λύειν
375 848 454 929 τούς
473 854 699 935 βουλομένους
718 851 837 933 λέγειν.
869 845 959 930 παρὰ
978 848 1040 933 μὲν
1060 848 1125 934 γάρ
1141 859 1208 917 τῶν

261 949 346 1029 ὅλως
357 946 640 1030 ἆποστερελσθεέκ
650 953 712 1012 τοῦ
721 952 820 1012 τοῦτο
831 952 955 1030 ποιεῖν,
967 955 999 1014 εἰ
1007 972 1039 1013 τι
1048 947 1209 1033 χρήσιμον

261 1045 517 1131 ε’ντεθύμηυται·
539 1040 618 1122 τούς
635 1041 667 1110 θ’
684 1041 827 1130 άφέντας
838 1041 860 1109 ά
869 1043 1094 1130 τυγχάνουσιν
1104 1048 1209 1130 έγνω-

260 1146 355 1223 κότες
361 1194 371 1229 ,
383 1136 432 1211 τόν
443 1141 529 1228 ὑμᾶς
539 1145 715 1228 ἐπνθυμεϊν
725 1153 866 1229 οἴονται,
878 1152 981 1211 ταῦτα
991 1158 1113 1212 ποιεῖτε
1123 1163 1209 1230 συμ-

258 1243 441 1330 βουλεύειν.
453 1245 524 1308 ἔστι
534 1240 570 1308 δὲ
578 1237 778 1327 ἁμαρτάνειν
786 1240 847 1327 μέν
855 1244 1071 1328 βουλομένων
1077 1241 1114 1310 τὸ
1126 1264 1211 1310 συν-

260 1340 455 1425 αναγκάζειν
470 1338 530 1407 τόν
540 1340 702 1425 παριόντα
712 1337 734 1406 ά
744 1341 909 1426 βούλεσθε
919 1345 1042 1426 λέγειν,
1066 1349 1208 1428 βουλευ-

254 1435 388 1525 ομένων
404 1439 440 1506 δέ
457 1435 666 1518 άκούσαντας
684 1436 707 1514 οἳ
723 1438 898 1523 γιγνώσκει
919 1453 1072 1525 σκοπεῖν,
1093 1440 1158 1508 κάν
1177 1469 1209 1508 τι
1292 1491 1295 1496 ·

257 1543 366 1613 καλῶς
383 1541 455 1621 ἔχη,
477 1543 629 1621 χρῆσθαι.
663 1537 748 1620 λέγω
765 1535 801 1603 δὲ
812 1544 915 1602 ταῦτα
926 1535 988 1603 οὐκ
998 1539 1131 1605 ἐναντία
1141 1553 1209 1618 τοῖς

258 1631 340 1718 ὑμῖν
358 1629 536 1717 ’άρέσκουσι
546 1638 676 1718 μέλλων
686 1647 876 1718 παραινεῖν,
898 1631 971 1702 ἀλλ’
982 1638 1089 1704 έκεῖνο
1102 1635 1207 1723 εἰδὼς,

260 1729 312 1797 ὅτι
330 1725 373 1797 άν
389 1729 451 1815 μὲν
465 1729 509 1817 μὴ
527 1732 704 1817 ἐθελήσητε
722 1739 794 1799 τῶν.
807 1729 1046 1817 ἀντιλεγόντων
1056 1733 1208 1820 ἀκούσαι,

260 1832 484 1914 ἐξηπατῆσθαι
504 1830 671 1914 φήσουσιν
691 1826 793 1915 ὑμᾶς,
820 1826 868 1900 άν,
885 1829 916 1898 θ’
927 1883 929 1886 ⁴
941 1831 1143 1913 ἀκούσαντες
1162 1833 1207 1921 μη

260 1935 433 2012 πεισθῆτε,
455 1929 698 2014 ἐξεληλεγμένοι
715 1928 902 2016 παραχρῆμ’
920 1936 1051 2001 ἔσονται
1060 1933 1101 2002 τά
1111 1943 1207 2020 χείρω

260 2031 507 2111 παραινοῦντες.

702 2134 786 2194 IA.‘

359 2219 459 2306 Οἶμαι
474 2221 599 2300 πάντας
609 2221 710 2309 ὑμᾶς,
725 2217 880 2308 οἶάνόρες
886 2224 1073 2314 Ἀθηναῖοι,
1084 2230 1209 2314 γηνοό-

261 2338 353 2393 σκειν
362 2317 412 2388 ὅτι
423 2316 465 2388 ού
475 2320 769 2405 κρινοῦντεςῆκετε
777 2323 921 2407 τήμερον
930 2322 1051 2391 οὐθένα
1060 2333 1127 2392 τῶν
1136 2323 1209 2392 ἄθι-

214 2469 216 2474 .
261 2418 429 2504 κούντων,
451 2415 535 2485 ἄλλά
556 2419 815 2504 βουλευσόμενοι
836 2422 911 2505 περὶ
931 2427 1000 2488 των
1021 2423 1206 2506 παρόντων.
1216 2421 1284 2494 1426

261 2520 313 2584 δεῖ
320 2523 437 2584 τοίνυν
447 2515 504 2593 τὰς
514 2513 576 2601 μὲν
585 2521 781 2602 κατηγορίας
793 2514 1003 2610 ὑπερθέσθαι
1014 2519 1136 2604 πάσας,
1154 2523 1208 2587 καὶ

260 2613 325 2684 τότ’
336 2617 373 2682 έν
383 2612 464 2700 ύμῖν
474 2617 583 2699 λέγειν
594 2612 669 2682 καθ’
682 2613 763 2682 ότου
773 2617 927 2684 πέπεικεν
935 2617 1070 2697 ἕκαστος
1079 2617 1208 2702 ἑαυτὸν,

261 2713 343 2782 όταν
358 2710 433 2780 τινά
444 2718 625 2800 κρίνωμεν·
648 2717 680 2780 εἰ
688 2715 726 2780 δέ
734 2719 782 2792 τίς
793 2739 823 2780 τι
833 2711 1027 2801 χρήσιμονῆ
1037 2718 1208 2802 συμφέρον

263 2819 364 2880 εἰπεῖν
375 2818 458 2898 ἔχοι,
470 2819 568 2881 τοῦτο
578 2820 644 2880 νῦν
654 2808 908 2897 ἀποφαίνεσθαι.
933 2811 971 2881 τό
982 2813 1116 2899 μὲνγὰρ
1128 2838 1208 2880 κατ-

261 2923 395 2994 ηγορεῖν
417 2924 484 2988 τοῖς
506 2913 747 2995 πεπραγμένοις
767 2911 998 2995 ἐγκαλούντων
1015 2915 1097 2997 ἐστὶ,
1118 2909 1155 2978 τό
1173 2912 1208 2979 δὲ

264 3008 505 3093 συμβουλεύειν
523 3009 598 3092 περὶ
619 3013 687 3090 τύγ
707 3008 883 3093 παρόντων
903 3012 958 3077 καὶ
977 3011 1208 3096 γενησομένων
1251 3048 1253 3053 ·

263 3111 463 3190 προτίθεται.
487 3102 614 3173 οὐκοῦν
623 3101 664 3171 ού
673 3109 838 3189 λοιδορίας
847 3104 925 3174 οὐδὲ
933 3103 1209 3192 μέμψεωςὸπαρ-

264 3205 313 3273 εόν
329 3203 458 3292 καιρός,
482 3203 564 3273 ἄλλά
583 3212 772 3292 συμβουλῆς
782 3205 869 3274 εῖναέ
875 3233 931 3292 μοι
941 3211 1039 3274 δοκεῖ.
1073 3205 1124 3274 διὸ
1136 3230 1208 3274 πει-

263 3305 405 3391 ράσομαι
422 3304 483 3389 μὲν
500 3302 725 3390 φυλάξασθαι,
747 3300 767 3371 ό
776 3303 905 3383 τούτοις
915 3306 1066 3389 ἐπιτιμῶ,
1088 3303 1131 3391 μὴ
1143 3329 1208 3372 πα-
1258 3351 1260 3353 >

262 3413 339 3472 θεῖν
360 3401 474 3490 αὐτός,
498 3410 742 3491 συμβουλεῦσαι
755 3399 1207 3488 δὲάκράτιστανομίζω-περὶ

262 3526 329 3569 των
344 3503 543 3588 παρόντων,

706 3607 761 3667 ΙΒ.

330 3697 448 3769 Ούόέύ
462 3697 505 3768 ἄν
518 3699 697 3785 ἀντειπεῖν,
710 3689 737 3765 ὦ
748 3695 867 3781 ἄνδρες
881 3693 1064 3784 Ἀθηναῖοι,
1086 3699 1207 3782 νομιῖω
