3159 4409
492 462 672 549 ‘·11Po>:
691 486 1015 549 υκεαεωιτοα.
1207 487 1248 552 1³

294 655 371 736 ρίας
381 645 463 736 ὑμῖν
473 651 661 734 παρέξομαι,
670 652 779 715 ἔπειτα
790 648 846 715 καὶ
856 651 931 732 περὶ
942 657 1010 717 τῶν
1020 647 1132 718 ἀλλων
1143 649 1249 719 ἀκού-

296 757 401 817 σεσθε
413 746 520 826 πόσας
528 745 587 826 τάς
599 744 770 833 ἀληθείας·
795 751 928 816 τουτονὶ
939 747 1014 835 γὰρ,
1027 743 1055 817 οά
1066 749 1185 837 ἀνδρες
1196 756 1247 819 δι-

295 849 431 933 κασταὶ,
443 854 643 917 ,Φαίνιππον
667 843 820 936 εὑρησετε
838 845 944 927 εὐθὺς
961 846 1026 917 ἀπό
1044 859 1102 937 τῆς
1118 850 1247 937 πρότης

294 945 421 1034 ἡμέρας
431 944 617 1032 ἀρξάμενον
628 951 690 1012 τού
699 945 805 1030 μηδὲν
816 949 944 1014 δίκαων
955 962 1073 1016 ποιεῖν.
1101 968 1247 1033 παρεση-

295 1041 504 1132 μηνάμηντά
517 1044 692 1131 οἰκήματα,
710 1052 772 1110 τοῶ
782 1044 890 1130 νόμου
900 1072 956 1167 μοι
967 1048 1164 1125 δεδωκότος·
1187 1039 1248 1114 οὗ·

296 1169 352 1223 τος
363 1141 495 1233 ἀνέῳξε.
524 1141 627 1210 καί
592 1168 629 1210 το
648 1169 710 1228 μεν
726 1139 862 1228 ἀφελεῖν
877 1142 914 1213 τὸ
932 1162 1068 1233 σημειον
1085 1145 1247 1233 ὁμολογεῖ,

296 1240 336 1311 τό
354 1240 387 1310 δ’
400 1239 582 1322 ἀνοῖςαι
545 1268 607 1329 την
623 1242 739 1328 θύραν
750 1240 812 1328 οὐχ
828 1241 997 1331 ὁμολογεῖ,
1021 1244 1132 1332 ῶσπερ
1143 1244 1260 1312 ἀλλονΙ

296 1342 389 1422 τινὸς
407 1342 503 1408 ἕνεκα
519 1338 559 1408 τά
576 1354 692 1428 σημεῖα
710 1338 968 1427 ἀφαιρούντοςῆ
983 1351 1046 1409 τοῦ
1062 1340 1121 1422 τὰς
1137 1341 1249 1425 θύρας

264 1455 281 1508 9
297 1439 435 1520 ἀνοῖξαι.
465 1435 780 1508 ἔπειταάπείπον
744 1465 807 1527 την
818 1438 904 1526 όλην
913 1467 957 1527 μη
947 1438 1112 1527 ἐξάγειν
1134 1445 1249 1527 ἐξῆγεν

295 1666 375 1710 πον.
395 1641 497 1726 χρέως
507 1635 583 1705 οὐδ’
597 1636 712 1707 ὁτιοῦν
729 1640 886 1724 ἀφείλετο
898 1641 951 1706 ἐπὶ
961 1647 1001 1727 τῇ
1012 1643 1159 1729 ἐσχατιᾷ·
1182 1649 1248 1707 νῶν
1273 1663 1299 1679 ··

297 1731 400 1817 οὗτος
413 1735 591 1824 ἀποφαίνει
608 1738 723 1805 πολλοί.
757 1734 868 1816 ἀτελῶς
884 1753 973 1806 ποιεῖ
986 1736 1007 1806 ό
1022 1766 1053 1807 τι
1070 1735 1113 1807 ἀν
1122 1738 1248 1829 βούλη-

295 1866 369 1924 ται,
387 1836 480 1924 ούχὸ·
488 1863 520 1905 τι
530 1832 574 1906 ἀν
585 1843 620 1905 οἱ
627 1838 724 1923 νόμοι
740 1838 929 1905 κελεύωσιν.
963 1842 1037 1923 λεἠε
1052 1836 1111 1917 τάς
1121 1865 1248 1926 μαρτυ-

298 1945 389 2024 ρίας,
410 1945 544 2022 πρῶτον
561 1940 622 2023 μὲν
638 1938 697 2015 τὰς
707 1938 782 2022 περὶ
792 1944 853 2004 τοῦ
865 1937 1046 2024 μετάλλου,
1065 1943 1174 2005 ἔπειτα
1193 1938 1248 2004 καὶ

297 2035 357 2117 τάς
371 2035 482 2116 ἀλλοις.

639 2140 900 2203 MAPTYPIAI.

258 2233 291 2286 1⁰
375 2233 416 2304 “A
427 2239 488 2323 μὲν
496 2241 613 2302 τοίνυν
624 2232 729 2314 εὐθύς
739 2242 781 2322 τῇ
790 2235 905 2322 πρώτη
914 2231 1019 2323 ἡμέρα
1026 2230 1106 2320 μετά
1117 2230 1175 2312 τάς
1187 2231 1249 2300 ἀν-

297 2332 442 2413 τιδόσεις
456 2332 578 2421 ἤρξατό
595 2359 635 2419 με
654 2338 840 2412 Φαίνιππος
855 2331 996 2419 ἀδικεῖν,
1020 2331 1198 2418 ἀκηκόατε,
1221 2324 1249 2399 ῶ

295 2433 420 2512 ἀνδρες
427 2429 612 2518 Ἀθηναῖοι,
636 2435 691 2499 καί
708 2435 790 2517 ἐμοῦ
801 2434 934 2499 καὶτῶν
946 2432 1132 2516 μαρτύρων.
1162 2432 1201 2496 τά
1214 2429 1249 2496 δὲ

296 2532 380 2618 μετά
402 2538 506 2610 ταῦτα
527 2532 728 2616 γεγενημένα
755 2527 862 2597 οὐκέτ’
884 2535 930 2608 είς
957 2527 1013 2614 ἐμὲ
1032 2529 1139 2615 μόνον
1159 2525 1249 2619 αὐτῷ

294 2628 500 2718 ἡμάρτηται,
523 2626 606 2696 ἀλλά
623 2630 678 2696 καὶ
696 2635 742 2707 είς
760 2626 839 2708 τούς
856 2629 996 2714 νόμους,
1013 2625 1096 2711 ὑπὲρ
1108 2620 1247 2714 ῶνάμδν

251 2743 282 2796 11
297 2730 404 2798 ἅπασι
424 2731 652 2796 σπουδαστέον
673 2731 771 2795 ἐστίν.
795 2727 927 2814 -όμόσας
948 2724 1013 2812 ηάρ
1034 2735 1075 2814 τῇ
1089 2727 1247 2815 ἑνδεκάτη
1256 2755 1323 2807 ςηςη

296 2834 359 2896 τοῦ
368 2830 617 2914 βοηδρομιῶνος
626 2827 731 2912 μηνδς
741 2823 941 2912 ἀποφαίνειν
951 2823 1065 2912 ὀρθῶς
1075 2830 1130 2894 καὶ
1142 2830 1247 2893 δικαί-

297 2953 344 3006 ως
353 2922 417 3010 τὴν
429 2920 566 3008 οάσίαν,
590 2932 651 2991 τοῦ
668 2924 776 3010 νόμον
788 2925 971 3012 διαρρήδην
982 2930 1135 3010 λέγοντος
1147 2931 1249 3006 τριῶν

295 3022 433 3113 ἡμερῶν
443 3020 499 3108 ἀφ’
510 3014 551 3106 ἧς
561 3017 605 3091 ἀν
617 3022 723 3112 όμόση
735 3025 863 3092 διδόναι
873 3021 937 3110 τὴν
947 3022 1134 3108 ἀπόφασιν,
1147 3019 1249 3088 ἐδεῖτό

295 3149 365 3211 μου
381 3121 585 3207 προσελθών
603 3115 653 3190 ἐπὶ
668 3130 714 3212 τῷ
732 3127 931 3212 δικαστηρίῳ
942 3120 1022 3209 μετὰ
1032 3119 1247 3188 Πολυεύκτου

295 3229 359 3291 τού
368 3224 527 3308 Κριωέως
538 3221 593 3288 καί
604 3223 723 3307 ἑτέρων
739 3230 850 3306 τινῶν,
867 3229 1001 3306 πρῶτον
1017 3222 1079 3306 μὲν
1089 3220 1163 3304 περί
1174 3225 1247 3287 δια-

294 3319 425 3400 λύσεως
445 3329 625 3388 συνελθεῖν
646 3317 752 3410 αὐτῷ·
784 3321 892 3388 πάντα
913 3319 979 3404 γάρ
999 3344 1056 3404 μοι
1076 3316 1116 3385 τά
1137 3322 1247 3387 δίκαια

294 3421 466 3508 ποιήσειν·
488 3425 599 3488 ἔπειτα
618 3419 679 3506 την
696 3417 868 3506 ἀπόφασιν
885 3426 943 3504 τῆς
958 3414 1072 3496 ούσίας
1082 3413 1247 3505 ἀναβαλέ-

295 3530 379 3589 σθαι
390 3517 435 3607 μὴ
455 3516 724 3606 πολλάςὴμέρας·
748 3518 789 3588 ού
806 3517 870 3605 γὰρ
888 3517 1022 3603 ἀγνοεῖν
1032 3544 1097 3604 μου
1109 3516 1149 3585 τὰ
1161 3515 1248 3600 πρύ-

258 3631 412 3706 ΙΞμματα.
442 3615 653 3704 ἡγησόμενος
670 3617 701 3686 δ’
716 3618 780 3704 ἐηῶ
797 3620 852 3686 καὶ
863 3625 998 3704 μετρίου
1008 3621 1064 3686 καὶ
1075 3616 1248 3702 ἀπράγμο-

298 3742 355 3799 νος
368 3716 457 3788 εἶναι
475 3724 613 3786 πολίτου
623 3716 667 3805 μη
687 3715 794 3796 εὐθὺς
810 3719 862 3784 ἐπὶ
879 3714 1030 3804 κεφαλὴν
1047 3722 1093 3794 είς
1103 3712 1139 3782 τό
1153 3718 1249 3781 δικα·
