3159 4409
436 492 580 555 ΚΑΤΑ
607 492 1213 557 OAPMHJOA9P01’.121

262 647 383 758 ἇμανή,
394 658 446 719 καὶ
457 663 554 761 κοινή
552 653 690 741 πράττειν
699 658 765 741 περί
776 654 888 731 τοότων
897 652 1008 719 πάντα·
1026 654 1214 740 προσεδόκων

262 763 321 844 γαρ
339 736 421 820 ἥξειν
436 735 518 816 τινδις
535 740 790 845 ήμφισβιμοῦντας
807 737 907 816 αὑτοῖς
922 747 975 803 τοῦ
996 743 1115 845 κλήρου.
1146 743 1213 826 περὶ

262 825 368 886 τούτου
386 825 436 886 καί
454 822 608 907 συνθήκας
625 827 761 908 ἔγραψαν
777 826 828 888 καλ
844 826 1000 888 κατέθεντο
1011 847 1071 906 παρ
1073 818 1212 908 ”-Ανδρο

262 909 379 1008 κλείδη,
400 910 479 1009 φίλῳ
495 910 553 972 τινί
563 915 663 996 κοινῷ.
696 909 808 990 οἰκέτης
819 899 881 972 δε
860 934 903 1010 ην
909 903 1047 982 Κόνωνος
1058 912 1212 990 Μοσχίων,

255 986 343 1052 »πάνυ
358 985 458 1067 πιστὸς
459 970 575 1078 ἐκείνω
594 971 755 1097 νομισθείς
782 998 887 1055 τοῦτον
895 987 1129 1094 Ὀλυμπιόδωρος
1140 998 1211 1072 λυμ-

262 1070 356 1176 βαίνει,
368 1075 418 1136 καὶ
430 1055 581 1177 διαβληθέ
574 1101 628 1139 ντα
638 1078 730 1156 χιλίας
739 1071 917 1180 ὖμηρήσθαι
927 1099 979 1138 του
966 1070 1128 1179 Κόνωνος
1140 1079 1212 1179 δρα-

261 1151 475 1305 διλῖβῖσίίζ
474 1183 587 1305 ‘553⁰‘
574 1153 914 1352 5555'55552‘0‘*
930 1152 1212 1304 ⁰⁰2555220

260 1348 313 1388 τον
330 1267 452 1388 5555
393 1268 654 1430 τόςγσδινθήκας
661 1328 722 1404 έξ”
706 1346 779 1407 ισης.
811 1267 978 1428 5665555553
989 1325 1021 1388 δὲ
1032 1326 1082 1388 καὶ
1072 1266 1212 1388 πλείδνα

261 1408 381 1510 ἔηειν
353 1434 405 1472 τον
421 1407 599 1493 ἄνθρωπον,
620 1405 719 1474 οὐκέτι
729 1403 959 1556 παραλμβδιν
932 1433 983 1472 τον
994 1415 1212 1510 Καλλίστρατον

260 1517 348 1567 αοτος
368 1497 537 1597 βασανίζει,
559 1495 610 1558 καί
632 1500 716 1596 μνᾶς
729 1490 929 1574 ἑβδομήκοντα
950 1490 1091 1591 λαμβάνει
1112 1487 1210 1592 μόνος.

257 1577 326 1659 περὶ
343 1577 375 1639 δὲ
390 1583 494 1640 τοῦτον
509 1573 561 1640 τὸν
574 1573 682 1678 καιρδμ
699 1569 914 1678 ήμφισβητοῦσι
924 1599 976 1638 του
962 1571 1097 1676 κλήρου
1108 1572 1210 1679 Κήνω-

257 1683 311 1733 νος
322 1684 373 1722 και
363 1658 469 1723 δίλλοι
480 1655 553 1723 καὶὸ
566 1653 691 1759 ἀδελφὸς
702 1653 1152 1763 ὃΚαλλιστρότορΚρὶλλιππος,’
1140 1684 1210 1741 ομο-

256 1739 383 1826 πότριος
395 1740 445 1806 ὧν.
467 1738 671 1825 βουλευόμενοι
681 1767 768 1826 κοινη
754 1745 895 1825 Ηπερὶ
855 1768 914 1806 των
906 1738 1046 1851 όγωνων
1053 1737 1209 1844 Ὀλυμμιό-

259 1830 356 1929 δωρος
372 1852 423 1890 και
414 1829 646 1929 Καλλίστρατος
662 1829 862 1902 συντίθενται,
884 1822 1000 1908 τὸνμὲν
1010 1821 1209 1909 Ὀλυμπιόδω-

259 1935 314 2018 ρον
331 1904 525 1994 ἀμφισβητεῖν
544 1905 611 1974 όλου
621 1935 673 1975 τον
660 1907 810 2015 κλήρον,
828 1910 880 1975 τὸν
890 1912 922 1975 δε
931 1914 1160 2015 Καλλίστρατον
1156 1935 1208 1974 του

256 1994 424 2101 ήμικληρί
399 2019 442 2057 ου.
476 2014 634 2097 στρατευομ
635 1995 756 2059 ένωνδδ
762 1988 939 2098 Ἀθηναίων
957 1998 997 2071 τίς
1011 1988 1208 2096 Ακαρνανιαν
1218 2002 1285 2059 1166

260 2103 348 2164 τμχετο
359 2079 409 2140 καλ
417 2067 708 2164 Ὀλυμπιόδωρος·
687 2104 726 2160 ην
736 2073 802 2177 γδιρ
805 2105 863 2142 των
874 2080 906 2142 έκ
917 2075 1089 2181 556555765.
1113 2085 1165 2161 τῆς
1177 2077 1209 2140 δὲ

259 2165 364 2244 κυρίας
382 2163 520 2266 ἐνστάσης
531 2165 562 2225 οί
570 2164 721 2267 δικμσταί,
720 2158 894 2265 πρόφασιν
903 2157 959 2244 τήν
971 2165 1086 2264 στρμτεί
1085 2189 1122 2224 αν
1073 2159 1209 2224 ίείναι

258 2246 440 2325 πεισθέντες,
462 2242 579 2351 ἇνεῑλμν
590 2240 687 2308 αότων
697 2243 752 2348 τὴν
763 2249 964 2309 διαδικασίαν·
987 2242 1034 2308 διό
1044 2264 1117 2326 φησι
1128 2251 1207 2308 Καλ-
1297 2248 1300 2252 ’

259 2333 410 2424 λίστρατος
421 2325 520 2391 μαλ’
483 2324 570 2404 αυτδς
580 2324 750 2392 έκλιπεῖν
719 2354 784 2409 την
781 2354 835 2392 του
822 2324 1022 2428 ἡμικληρίου
1033 2331 1133 2407 δίκην,
1145 2336 1209 2402 ταῖς

259 2409 427 2514 συνθήκαις
439 2414 570 2493 ἐμμένων
574 2458 585 2492 ,
603 2407 702 2494 ἐπειδὴ
714 2419 801 2496 κοινή
812 2434 909 2473 παντα
918 2407 1055 2511 5556555
1065 2411 1207 2474 ἐκέλευον

260 2523 299 2571 ως
316 2497 348 2560 δὲ
364 2498 533 2598 ἐπανηλθεν
546 2518 605 2558 απο
608 2521 666 2599 της
677 2498 824 2596 στρατείας
832 2489 1086 2602 Ὀλυμπιόδωρος,
1102 2500 1207 2555 παλιν-

260 2583 341 2666 δικία
358 2586 461 2664 χρῆται
477 2574 551 2682 πρὸς
568 2574 635 2654 τοδς
654 2573 842 2681 νενικηκότας
852 2578 902 2640 καὶ
913 2569 1000 2679 αήτδς
1012 2568 1086 2638 καὶ
1074 2602 1090 2639 ο
1100 2579 1207 2639 Καλλί-

259 2643 395 2762 στροίτος,
408 2663 566 2765 δεδωκότος
576 2668 661 2765 τρῦτο
671 2666 723 2725 τοῦ
716 2658 834 2765 νόμου.
865 2663 916 2724 καί
927 2654 1143 2768 ἆμφισήητμῦσι
1156 2666 1209 2723 τοῦ

257 2744 372 2853 '555506
387 2745 524 2850 καθάπερ
542 2741 604 2823 ἕξ’
586 2752 691 2830 αρχής,
713 2770 729 2808 ο
716 2739 1003 2828 μδντοῦήμίσεος,
1025 2740 1085 2849 555
1095 2745 1145 2808 καί
1156 2750 1208 2807 τοῦ

258 2829 339 2896 όλου
373 2830 511 2915 πρότερος
527 2832 559 2894 55
575 2832 667 2934 λέγων
680 2827 914 2932 Ὀλυμπιόδωρος
929 2835 1001 2916 νικᾷ
1016 2825 1068 2892 τδν
1074 2835 1206 2932 κλῆρον.

260 2913 385 3020 νικήσας
401 2917 433 2978 δὲ
449 2918 499 2978 καί
515 2910 614 2997 λαβών
624 2907 738 2978 όλον’
705 2938 760 2977 ουκ
771 2915 884 3018 έμμέμει
909 2923 972 2990 ταῖς
983 2892 1158 3013 συνθήκαις
1173 2906 1208 2986 ἃς

260 2994 320 3078 55'
301 3006 394 3106 αρχής
404 2999 575 3102 ἐποιήσατο,
598 2993 668 3107 5555
679 3001 780 3061 δίδωσι
790 3023 827 3061 τα
816 2993 967 3084 ἡμίση
938 3024 978 3062 τω
965 2992 1206 3097 Καλλιστράτη).

259 3111 276 3150 ο
262 3081 327 3148 δὲ
338 3079 458 3147 αὐτόν’
440 3105 555 3186 ατραιτει
566 3108 616 3145 και
627 3089 685 3145 τῶν
696 3079 895 3186 έβδρμήκοντα
905 3089 987 3165 μνῶν
996 3088 1055 3145 τῶν
1065 3073 1145 3181 παρή
1155 3085 1208 3142 τοῦ

259 3162 482 3269 Μοσχίωνος
454 3192 486 3230 το
502 3163 593 3249 ήμισυ
611 3167 661 3229 καί
678 3172 729 3248 τῆς
744 3160 814 3248 όλης
830 3159 945 3245 οόσίας,
968 3172 1032 3240 ταῖς
1043 3159 1208 3244 συνθήκαις
1299 3204 1305 3231 ι

259 3247 489 3356 ἰσχυριζόμενος,
511 3252 594 3313 καίλ
578 3250 670 3352 λέγων
688 3252 739 3313 παλ
750 3250 782 3314 έν
780 3275 828 3361 τη
814 3253 984 3334 τελευταίᾳ
996 3251 1064 3334 δίκη
1075 3267 1206 3351 συναγω-

259 3341 403 3401 νίσασθαι
419 3341 459 3421 τῷ
473 3331 716 3439 Ὀλυμπιοδοέρω,
740 3359 791 3397 και
780 3309 1059 3440 συγκεχωρήκέναί
1075 3333 1125 3395 καί
1140 3327 1208 3407 τοὺς

260 3419 367 3524 λόγους
382 3398 517 3482 5556
485 3416 540 3522 μδς
557 3400 691 3499 έβοόλετό
700 3419 751 3481 καί
761 3441 911 3500 μαρτυρας
921 3416 1123 3521 πμρμσχέσθαι
1133 3433 1208 3526 μευ·

260 3499 367 3585 δεῖς,’
348 3529 403 3584 ως,
421 3498 492 3567 εί
455 3531 496 3586 μη
508 3526 595 3650 κρινη
581 3503 657 3566 καί
668 3503 890 3646 συντεθειμένοι
894 3499 967 3582 πρὸς
972 3493 1148 3602 αλλήλοος’
1128 3524 1208 3601 5562·

259 3593 389 3669 νίζοντο,
401 3582 540 3689 ῥαδίως
519 3613 558 3650 αν
569 3587 677 3670 ἐξξελέγ
678 3612 718 3666 αι,
730 3585 779 3649 και
790 3609 846 3647 ουκ
857 3586 942 3648 ασαι
951 3609 1002 3648 τον
1008 3580 1208 3669 Ὀλυμπιόδω-

260 3699 314 3756 ρον
324 3693 446 3754 νικησαι
456 3697 511 3756 την
521 3674 615 3752 δίκην
