3159 4409
456 552 464 558 .
511 493 654 554 ΚΑΤΑ
684 482 977 552 ΣΤΕΦΑΝΟῬ
1005 496 1067 554 As
1210 495 1252 558 09

303 649 389 721 ὅπου
406 651 438 721 δ’
460 652 543 721 αὐτὰ
560 653 600 720 τδι
617 652 792 738 πράγματα
809 653 862 739 ἐφ’
882 680 995 721 αυτωυ
1005 661 1094 722 ἔστιν
1104 653 1184 743 υμίν
1195 659 1254 743 ίμ-

304 761 395 838 φωνή
406 759 550 839 ποιῆσαι,
562 745 625 818 τί
602 777 645 835 ην
657 748 916 872 ἁπλούστεροηή
928 749 1022 819 ταῦτ’
1035 751 1128 839 ἄγειν
1139 761 1184 834 είς
1195 759 1254 840 με’-

260 865 293 920 17
303 871 379 929 σον;
398 850 557 937 Ἀθήνησι
571 849 610 937 μὲ
611 876 632 916 ν
642 847 785 917 τοίνυν(
769 875 787 916 ο
799 848 907 937 πατήρ
919 851 1179 937 ἐτελεύτησεν“
1140 857 1253 941 ουμός,

303 953 448 1036 ἐγιμνετο
466 947 535 1016 δ
516 969 537 1035 η
557 953 664 1016 δίαιτα
681 948 719 1016 ἐν
729 974 769 1037 τη
754 955 913 1037 ποικίλη
924 956 1022 1039 στοα,
1045 955 1255 1075 μεμαρτυρή-

303 1069 380 1116 κασι
396 1047 429 1115 δ
448 1074 542 1116 ουτοι
558 1047 763 1134 παρέχων
728 1073 766 1114 το
783 1046 1156 1135 γραμματεῖονἈμφίαν
1173 1051 1255 1136 πρὸς

303 1146 362 1216 τόν
373 1146 548 1233 διαιτητήν.
570 1145 697 1215 οὐκοῦν
707 1156 798 1232 εἴπερ
809 1145 932 1234 ἀληθὲς
941 1141 1206 1235 ήν,ἐχρ’ῆναύτ’δ
1217 1152 1254 1218 τὸ

304 1259 525 1333 γραμματείου
536 1251 582 1323 είς
590 1243 649 1313 τόν
658 1248 767 1330 ἐχῖνον
776 1248 929 1333 ἐμβαλεῖν
937 1250 992 1315 καὶ
1001 1245 1061 1316 τὸν
1072 1250 1256 1335 παρέχοντα

302 1358 499 1431 μαρτυρεῖν,
514 1340 559 1410 ἵν’
574 1347 610 1412 ἐκ
621 1353 679 1431 τής
689 1343 847 1433 ἀληθείας
857 1348 912 1414 καὶ
922 1344 1034 1415 τοῦτα
1045 1363 1163 1434 σημεῖα
1174 1353 1257 1416 ἰδεῖν

302 1448 337 1510 oc
345 1444 406 1528 μὲν
418 1446 567 1512 δικασταὶ
577 1442 614 1510 τὸ
627 1452 761 1529 πρᾶγμα
773 1449 939 1529 ἔγνωσαν,
951 1443 1014 1528 ἐγώ
1026 1446 1073 1530 δὲ,
1086 1455 1119 1513 εί
1125 1472 1174 1524 τις
1182 1444 1257 1530 ήδί-

258 1560 293 1615 18
303 1567 353 1608 κει
370 1567 426 1627 με,
450 1544 503 1608 ἐπὶ
520 1549 642 1608 τοῦτον
657 1534 712 1626 ήα.
746 1549 812 1608 νῦν
830 1544 866 1609 δὲ
877 1536 994 1627 εἷςμὲν
1005 1540 1115 1622 οὐδεὶς
1126 1531 1254 1612 δλοντδ

304 1647 439 1725 πρᾶγμα
453 1638 645 1723 ἀνεδέξατο,
660 1637 739 1707 οὐδὲ
749 1641 1000 1727 μεμαρτύρηκεν
1010 1637 1122 1722 ἁπλῶς
1128 1692 1138 1726 ,
1157 1640 1201 1722 ὦς
1212 1643 1259 1711 ἄν

304 1764 353 1814 τις
365 1735 495 1824 τάληθῆ
506 1738 740 1860 μαρτυρήσειε,
758 1736 934 1824 μέροςδ’”
914 1759 1066 1863 εηαστος,
1089 1738 1133 1821 ὥς
1143 1741 1183 1829 δή
1196 1762 1254 1812 σο-

304 1834 369 1922 φὸς
380 1838 434 1903 καὶ
445 1834 499 1903 δια
508 1843 606 1905 τοῦτο
618 1863 659 1905 ου
648 1835 788 1905 ’δώσων
800 1836 947 1925 δίκην,“
930 1865 948 1906 ο
961 1844 1022 1926 μὲν
1032 1857 1255 1928 γραμματείου

303 1940 422 2021 ἔχειν’
405 1934 491 2058 εηί
479 1963 505 2004 ω
492 1927 718 2023 μεμραφθαι
727 1938 872 2025 διαθήκη
883 1945 1072 2025 Πασίωνος,
1094 1940 1160 2010 ὅδὲ
1171 1965 1254 2028 πεμ-

304 2033 431 2121 φθελς“
413 2033 478 2104 υτό
491 2035 614 2106 τούτου
625 2040 779 2123 παρέχειν
790 2063 905 2124 τουτο,
917 2037 988 2107 εἶδ’
1002 2037 1158 2127 ἄληθὲς”
1135 2068 1158 2161 η
1169 2050 1254 2122 ψεῦ-

258 2158 293 2214 19
304 2141 376 2223 δος,
399 2133 500 2202 οὐδὲν
515 2139 645 2204 εἰδέναι.
661 2160 663 2164 ’
679 2162 697 2204 ο
699 2139 744 2204 ίδὶ
699 2137 798 2205 ίδὲ
813 2163 853 2223 τη
839 2138 1043 2224 προκλήσει
1051 2139 1253 2226 χρησαμευοι
1263 2146 1329 2202 1107

302 2235 574 2321 παραπετασματι
584 2235 748 2321 διαθήκας
759 2234 1033 2322 ἐμαρτύρησαυ,’
1012 2263 1055 2314 ως
1065 2264 1109 2304 αν
1118 2235 1250 2323 μάλισθ’

302 2339 337 2401 oi
351 2335 499 2401 δικασταὶ
515 2334 639 2420 ταύτην
656 2332 718 2420 τήν
733 2336 1105 2420 διαθήκηνίιτίστευσαν
1115 2344 1186 2403 τοῦ
1188 2359 1254 2406 πα-

301 2416 473 2516 τρδςείυαι
480 2431 618 2517 ,ἐγωδὲ
630 2430 1158 2518 ἄπεκλείσθηντοῦλόνουτυχειυ
1169 2433 1253 2520 ὑπὲρ

303 2559 352 2598 ων
363 2529 549 2650 ηδικουμαι,
562 2521 656 2598 οὗτοι
668 2534 704 2598 δὲ
717 2540 909 2616 φωραθειεν
919 2556 959 2597 τα
946 2529 1077 2616 ψευδή
1087 2557 1253 2618 μεμαρτυ-

302 2630 444 2716 ρηκότες.
474 2641 580 2697 καιτοι
597 2628 673 2716 τόν
676 2627 820 2698 ἐνίαυε
805 2637 857 2698 ίον
875 2627 1118 2720 ᾤοντοτούτου.
1151 2629 1249 2699 ιναδ’

302 2733 409 2815 εἰδῆτε
428 2739 532 2798 ταῦτα
549 2728 602 2798 ὅτι
619 2729 731 2818 ἆληθή
741 2732 843 2817 λέγω,
867 2729 946 2816 λαβὲ
958 2726 1020 2816 τήν
1030 2737 1091 2796 τοῦ
1100 2735 1252 2814 Κηφισο-

302 2835 639 2917 φωντοςμαρτυρίαν,

657 2950 897 3013 MAPTYPIA

431 3054 627 3154 [Κηφισοφῶη
641 3043 819 3148 Κεφαλωνος
825 3041 997 3152 Ἀφιδναῖος
1013 3050 1178 3149 μαρτυρεῖ
1163 3058 1250 3107 κατα-

346 3129 553 3233 λειφθήναι“
520 3139 599 3217 αυτῷ
610 3125 668 3194 {ma
680 3155 732 3194 του
743 3127 852 3216 πατρὸς
863 3137 1073 3216 γραμματεῖον,
1091 3121 1165 3216 ἐφ’
1153 3154 1177 3191 ω
1164 3118 1250 3193 ἕντι-

345 3213 516 3301 γεγραφθαι
527 3195 660 3297 διαθήκη
671 3219 848 3296 Πασίωνος]

259 3351 295 3404 20
391 3327 527 3397 Οὐκουν
536 3321 581 3416 ήν
592 3325 733 3414 ατλουν,
746 3355 771 3394 ω
760 3321 903 3413 ἄνδρες
913 3326 1071 3410 δικασταὶ,
1081 3322 1140 3392 τὸν
1147 3351 1251 3393 ταυτα

302 3435 535 3513 μαρτυροῦντα
561 3435 855 3514 προσμαρτυρῆσαι
870 3423 976 3492 “sivae
992 3422 1028 3491 δὲ
1044 3420 1081 3490 τδ
1097 3428 1251 3511 ’γραμμα-

296 3524 423 3614 ”τεϊον,
447 3524 467 3595 δ
479 3525 738 3613 αὖτδςπαρέχει,
760 3533 858 3593 τοῦτο
866 3520 892 3607 ,”
916 3518 1252 3608 καὶτὸηραμματελου

303 3627 464 3713 ἐμβαλεῖν.
487 3623 569 3694 ἀλλὰ
581 3634 679 3694 τοῦτο
691 3626 768 3711 μὲν,
780 3622 884 3707 οἶμαι,
897 3619 933 3689 τὸ
943 3626 1065 3702 ψεῦδος
1074 3618 1181 3708 ἡγεῖτο
1192 3616 1252 3704 ὀρ-

303 3732 364 3811 νής
374 3724 478 3812 ἄξιον,
490 3727 545 3793 καὶ
553 3731 653 3814 ’δίκην
664 3721 707 3792 δυ
717 3721 801 3807 ὑμᾶς
810 3718 882 3808 παρ’
897 3718 1001 3829 αὐτηῦ
1010 3727 1134 3806 λαβεῖν,
1145 3743 1253 3803 γραμ-
