3159 4409
305 477 367 541 εει
453 475 614 533 μου.
637 465 1052 531 Διιινοποοιιουε
1118 441 1121 445 ’

267 654 300 708 41
309 645 387 714 ίσοις
397 631 522 720 ήγείται
537 631 741 717 ψευδόμενος
757 630 795 694 ἐν
810 623 1023 712 ὑμϊνλήσειυ.
1057 621 1255 707 πάλιν-λέγοι
1312 651 1316 655 ·

309 729 360 800 ὅτι
369 728 431 799 οὐκ
443 729 633 799 ἀκόλουθόν
644 733 731 796 ἐστιν
746 723 929 792 ὑπεναντία
946 724 1008 809 μὲν
1025 723 1181 809 πράττειν
1191 740 1256 805 σοι,

311 821 603 915 άὈλνμπιάδωρε,
615 825 685 913 ἐμὲ,
697 831 792 911 κοινή
803 821 835 890 δ’
843 820 1033 918 ἀναλίσκειν
1042 818 1124 907 μετά
1133 826 1200 888 σοῦ
1211 825 1257 898 είς

310 926 371 995 ὅτι
380 921 424 993 ἀν
433 922 484 994 ἀεὶ
496 928 570 1014 δέη,
582 921 657 992 οὐδ’
670 925 814 992 ἐκλιπεῖν
824 918 886 1006 τήν
897 918 1140 1007 ἀμφισβήτησιν
1150 915 1258 986 αὐτὸν

294 1025 444 1110 χἑκόντα,
467 1023 522 1090 ὅτε
532 1021 708 1109 ἀπεδήμεις
723 1017 783 1104 σύ,
806 1018 918 1106 ἐπειδή
933 1019 988 1086 καί
1003 1015 1024 1104 ή
1041 1017 1082 1105 σή
1094 1017 1257 1104 διεγράφη

312 1121 468 1203 δόξαντός
485 1140 547 1188 σου
559 1121 655 1188 ἕνεκα
672 1128 729 1206 τῆς
740 1123 833 1204 δίκης
842 1115 977 1186 ἀπεῖναι
987 1119 1041 1185 καὶ
1053 1114 1095 1184 οὐ
1105 1121 1256 1205 δημοσίᾳ.

311 1224 387 1307 ἐξήυ
397 1217 461 1305 γάρ
473 1224 582 1304 ἔμοιγε
598 1225 658 1286 τοῦ
675 1215 870 1304 ἡμικληρίου
884 1215 1138 1284 ἐπιδικάσασθαι
1154 1217 1259 1302 ἐμαν-

275 1352 276 1357 ’
311 1327 371 1408 τῷ·
395 1315 504 1397 οὐδεὶς
519 1318 585 1404 γάρ
595 1343 650 1404 μοι
661 1312 1145 1411 ἀνθράκων,ἀντε’λεγεν,.ἀλλά
1158 1332 1259 1382 συνε-

269 1415 442 1505 4νχάρουν
452 1413 546 1484 αὐτοὶ
557 1420 591 1483 οἱ
601 1414 770 1484 ἀντίδικοι.
791 1412 877 1483 ἀλλά
887 1421 991 1482 ταῦτα
1002 1413 1142 1501 πονήσας
1153 1411 1260 1490 εὐθὺς

312 1513 356 1586 ἀν
369 1509 413 1603 ήυ
430 1516 656 1603 ἐπιωρκηκώς·
677 1514 793 1602 άμοσα
809 1515 875 1601 γάρ
891 1516 947 1582 καὶ
963 1517 1155 1600 συνεθέμην
1175 1509 1260 1600 πρὸς

313 1615 349 1683 σὲ
359 1621 455 1702 κοινή
466 1614 602 1700 πράξειν
612 1613 741 1682 ἅπαντα
752 1612 773 1681 ὅ
783 1639 815 1682 τι
826 1610 869 1680 ἀν
878 1617 960 1700 δοκῇ
967 1614 1038 1698 ἐμοὶ
1048 1612 1103 1678 καί
1114 1613 1167 1679 σοὶ
1177 1617 1261 1696 βου-

313 1717 501 1797 λευομένοις
511 1713 680 1798 βέλτιστον
692 1711 783 1780 εἶναι.
807 1710 890 1778 ὥστε
907 1706 1164 1796 ὑπεραβέλτεροί
1177 1715 1261 1777 είσιυ

276 1825 282 1832 ’
313 1813 350 1876 αἱ
358 1808 540 1894 προφάσεις
550 1812 605 1877 καί
616 1814 652 1876 αί
669 1816 784 1893 αίτίαι,
803 1807 842 1877 δι’
855 1807 893 1887 ἀς
911 1808 1011 1877 οὐδέν
1020 1835 1077 1895 μοι
1087 1808 1153 1896 φής
1164 1806 1262 1894 ποιή-

272 1922 384 1976 43σειυ
394 1913 460 1973 τῶν
474 1911 619 1975 δικαίαν.
650 1913 697 1975 ἐτι
712 1906 796 1994 πρὸς
811 1907 940 1986 τούτοις
949 1905 1024 1994 ἡγεί
1036 1907 1079 1976 ἀν
1089 1907 1121 1995 μ’
1132 1910 1324 1994 ἐπιτρέ-Πίλ

313 2029 387 2073 πειυ
398 2023 462 2088 σοι,
469 2002 724 2092 Ὀλυμπιόδωρε,
737 2010 773 2074 ἐν
781 2014 828 2095 τῷ
838 2013 1011 2095 τελευταίῳ
1022 2005 1128 2093 ἀγῶνι
1144 2014 1191 2094 τῷ
1202 2028 1262 2072 πε-

314 2104 346 2186 ρὶ
356 2109 417 2170 τοῦ
427 2101 562 2194 κλήρου,
574 2100 595 2191 ή
606 2102 628 2171 ἀ
638 2109 746 2190 ἔλεγες
756 2103 840 2190 πρός
850 2103 927 2183 τοὺς
938 2103 1108 2190 δικαστάς,
1120 2112 1191 2191 είκή
1202 2101 1263 2172 οὑ-

313 2201 393 2267 τωσὶ
404 2193 552 2286 λέγειυ,ή
562 2204 636 2287 περὶ
648 2194 696 2270 ὦν
706 2204 765 2282 τάς
775 2209 956 2289 μαρτυρίας
966 2207 1144 2290 παρέσχου,
1155 2201 1263 2281 οὕτως

314 2294 358 2366 ἀν
374 2303 615 2386 παρασχέσθαι,
638 2308 668 2370 εί
683 2301 727 2389 μή
746 2302 827 2388 μετά
844 2310 909 2370 σοῦ
923 2310 1020 2390 κοινή
1038 2307 1226 2388 συνηγωνιζ
1235 2302 1243 2325 ’

314 2424 396 2484 μην;
409 2389 505 2476 οὗτος
516 2396 596 2485 γάρ,
612 2393 770 2486 άάνδρες
782 2404 947 2488 δικασταί,
969 2402 1009 2470 τά
1019 2401 1047 2470 τ’
1055 2401 1140 2472 ἀλλα
1152 2408 1266 2487 ἐλεγεν

274 2493 337 2564 4λά
358 2497 511 2584 ἐβούλετο
533 2502 571 2567 ἐν
592 2509 638 2590 τῷ
657 2506 866 2591 δικαστηρίῳ,
885 2503 940 2569 καὶ
950 2500 1170 2587 κατεχρήσατο
1182 2497 1266 2587 πρὸς

315 2597 393 2676 τούς
404 2594 557 2676 δικαστάς
568 2597 619 2666 ὅτι
631 2599 695 2684 ἐγώ
706 2599 768 2686 τήν
782 2607 906 2687 οίκίαυ,
923 2597 966 2686 ήυ
976 2606 1096 2687 ἐλαβου
1108 2602 1145 2668 ἐν
1155 2607 1196 2688 τῇ
1206 2623 1266 2686 με·

316 2699 432 2781 ρίδιτή
443 2697 606 2783 ἐμαυτοῦ,
623 2702 874 2786 μεμισθωμένος
892 2708 964 2786 είηυ
980 2696 1055 2782 παρ’
1066 2695 1188 2777 αὐτοῦ,
1210 2698 1266 2765 καί

315 2793 352 2859 τὸ
371 2789 536 2878 ἀργύριον
554 2791 573 2860 δ
589 2799 725 2884 ἔλαβον,
747 2798 784 2866 τὸ
804 2798 908 2884 ήμισυ
931 2796 968 2866 τὸ
987 2795 1052 2865 ἀπό
1069 2805 1137 2866 τάν
1152 2801 1267 2883 χιλίων

317 2893 472 2978 δραχμῶν
482 2900 551 2960 τοῖν
562 2893 651 2980 παρά
661 2903 722 2964 τοῦ
734 2900 881 2979 οίκέτον,
899 2895 950 2964 ὅτι
960 2896 1180 2983 ἐδανεισάμην
1190 2891 1266 2979 παρ’

318 2989 430 3059 αὐτοῦ.
454 2994 509 3060 καὶ
520 2991 562 3061 οὐ
572 2994 679 3080 μόνον
691 3000 781 3082 ἔλεγε
791 3003 907 3080 ταῦτα,
924 2993 1009 3063 ἀλλά
1021 2999 1075 3064 καί
1085 3000 1268 3082 μαρτυρίας

318 3097 486 3176 παρείχετο
504 3095 578 3176 περὶ
596 3094 726 3162 τούτου.
761 3092 855 3180 κάγά
872 3091 949 3162 οὐδ’
961 3091 1077 3163 ὁτιοῦν
1089 3092 1268 3179 ἀντέλεγον

317 3189 461 3278 τούτοις,
481 3189 554 3259 οὐδ’
574 3192 700 3278 ήκουσέ
712 3219 778 3281 μου
797 3193 915 3280 φωνήν
933 3191 1042 3272 οὐδεὶς
1061 3190 1267 3275 ἀνθρώπων,

319 3286 374 3355 ὅτε
386 3281 484 3368 οὗτος
496 3287 682 3378 ήγοινίζετο,
693 3291 770 3359 οὔτε
780 3290 906 3379 μικράν
916 3290 994 3361 οὔτε
1006 3292 1169 3380 μεγάλην,
1181 3289 1268 3359 ἀλλὰ

319 3389 601 3474 προσωμολόγουν
618 3389 727 3478 ἀληθή
745 3390 831 3461 εἶναι
848 3390 950 3460 πάνθ’
964 3389 1028 3459 ὅσα
1046 3383 1145 3470 οὗτος
1168 3389 1269 3479 ἐβοά-

318 3491 391 3553 λετο
403 3488 518 3570 λέγειν.
552 3498 648 3579 κοινῇ
659 3487 722 3576 γάρ
739 3489 948 3578 ήγωυιζόμηυ
958 3488 1039 3576 μετά
1051 3499 1132 3576 σοῦ,
1156 3488 1268 3573 ὥσπερ

275 3593 309 3647 45
317 3588 428 3666 ἔδοξεν
444 3589 515 3673 ἐμοὶ
527 3591 582 3657 καὶ
593 3595 655 3659 σοί.
690 3593 759 3660 ἐπεὶ
771 3598 803 3660 εί
818 3589 863 3678 μή
874 3593 942 3658 ἐστι
951 3587 1039 3657 ταῦτ’
1052 3587 1164 3675 ἀληθή
1182 3585 1270 3656 ἀλέ-

316 3711 375 3773 γω,
383 3684 438 3755 διά
447 3692 481 3756 τί
488 3687 550 3759 οάκ
561 3691 798 3778 ἐπεσκηψάμην
809 3686 873 3776 ἐγώ
884 3689 958 3757 τότε
968 3702 1036 3768 τοῖς
1046 3689 1190 3773 μάρτυσι
1200 3699 1270 3764 τοῖς
