3159 4409
272 476 314 540 ιο
478 481 555 537 κιο.
580 474 1021 554 [ΛΗΜοΣοιεαονΣ]

273 636 382 717 αὐτός.
405 634 484 716 τούς
496 634 530 705 δ’
542 635 668 719 εἰδότας
679 633 794 704 οὑτοσὶ
803 640 954 722 ἔφευγεν,
967 633 1028 721 οὐχ
1038 633 1225 721 ἡγούμενος

273 742 395 805 ἐνεῖναι
405 743 702 822 παραλογίσασθαι.
742 733 785 821 μὴ
803 742 935 818 τοίνυν,
959 729 1223 820 οἶᾶνδρεςδικα-

273 839 361 916 aaz,
380 833 457 921 μηδ’
472 833 565 921 ὑμεῖς
582 835 768 917 ἐπιτρέπετε
786 831 878 922 αὐτῷ
889 832 1073 913 ψεύδεσθαι
1084 834 1138 900 καί
1150 837 1224 898 δια-

272 934 423 1021 βάλλειν,
443 933 644 1020 μεμνημένοι
660 938 728 998 τῶν
745 934 943 1018 εἰρημένων·
965 941 1033 998 ἴστε
1044 929 1108 1015 γὰρ
1120 927 1221 997 πάνθ’.

273 1031 318 1112 τός
328 1028 562 1118 ἐγένετο,πλην
573 1039 638 1097 είτι
649 1032 833 1114 παρέλιπον
843 1027 999 1116 ἐγώπρὸς
1009 1026 1222 1114 ὀλίγονῧδωρ

214 1139 217 1145 ’
273 1128 663 1216 α’ναγκαζόμενοςλέγειν.

661 1434 669 1454 “
709 1440 786 1496 XLII.
896 1491 898 1493 ,

275 1595 409 1688 ΠΡΟΣ
441 1592 725 1662 ΦΑΙΝΙΠΠΟΝ
753 1593 874 1661 ΠΕΡΙ
898 1593 1221 1662 ΑΝΤΙΛΟΣΕΩΣ.

600 1763 669 1818 ΤΠ
680 1762 705 1819 Ο
719 1761 784 1820 ΘΕ
793 1763 849 1818 ΣΙ
856 1764 891 1817 Σ

247 1921 252 1927 ’
268 1901 367 1983 Ὃ
336 1940 389 1996 μεν
400 1910 488 1996 λόγος
495 1908 550 1977 οὐκ
562 1909 740 2002 ἀναφέρεται
755 1911 838 1997 παρά
852 1940 941 1978 τινων
952 1918 992 1990 εἰς
1002 1908 1053 1978 τόν
1064 1917 1219 1995 Δημοσθέ-

273 2036 339 2092 νην,
350 2005 495 2073 ὑπόθεσιν
506 2009 537 2072 δὲ
548 2012 604 2114 ἔχει
614 2007 732 2091 ταύτην.
760 2034 800 2112 ην
811 2006 961 2110 σύνταγμα
971 2004 1053 2092 παρὰ
1063 2017 1123 2084 τοῖς
1130 2003 1221 2090 Ἀθη-

274 2098 367 2168 ναίοις
384 2097 559 2176 τριακοσίων
575 2090 694 2178 ἀνδρῶν
712 2085 786 2157 κατδ
803 2086 855 2155 τόν
866 2100 993 2156 πλοῦτον
995 2094 1220 2195 ἕξειλεγμένων,

275 2175 318 2253 οἷς
330 2171 477 2240 νἰνέκειντο
488 2185 547 2240 τῶν
555 2183 744 2282 λειτοηργιῶν
761 2179 796 2238 αδ
805 2178 938 2256 μείζονες
967 2173 1056 2282 νόμος
1074 2178 1106 2240 δὲ
1123 2177 1221 2239 ἐδίδου
1230 2190 1289 2244 103ξ

274 2267 315 2347 τῷ
325 2258 502 2368 πεπονηκότι
512 2259 623 2325 τούτων
633 2257 828 2338 δπεξελθεῖν’
815 2284 847 2321 εκ
856 2267 909 2322 τοῦ
921 2258 1130 2343 συντάγματος,
1143 2263 1173 2322 εἴ
1177 2283 1221 2322 τι-

274 2371 312 2407 να
324 2346 427 2408 ἕαυτου
414 2342 654 2450 πλοησιοότερον
671 2340 845 2446 σχολάζοντα
860 2344 1032 2407 ἐπεδείκνυε.
1061 2346 1111 2448 ηαδ
1128 2369 1152 2406 ει
1146 2345 1223 2424 ’μὲν

275 2453 291 2490 ο
281 2425 482 2529 προβληθεὶς
496 2425 592 2509 ωμολο
593 2454 637 2513 γει
644 2425 870 2531 πλουσιωτερος
869 2424 946 2490 εἶναι
951 2473 961 2507 ,
974 2431 1014 2503 εἰς
1024 2423 1092 2503 τοδς
1102 2453 1221 2509 τριακο-

275 2514 354 2586 σίους
368 2505 608 2576 ἀντικαθίστατο·
631 2517 657 2576 εί
666 2506 725 2576 66’
706 2519 832 2595 ηρνεῐτο,
840 2536 894 2591 την
907 2506 1011 2574 οόσίαν
1021 2505 1220 2575 όντεδίδοσαν.

273 2601 330 2658 νῦν
339 2598 441 2658 τοίνυν
454 2593 494 2672 εἷς
509 2605 567 2659 τῶν
584 2599 758 2698 τριακοσίων
774 2596 971 2698 πεπονηκέναι
981 2597 1088 2698 λέγων
1084 2621 1135 2658 και
1146 2592 1222 2657 εἶναι

273 2679 362 2780 πένης
372 2679 419 2741 ἐπι
432 2683 602 2742 Φαίνιππον
613 2677 754 2761 ἐλήλυθε,
774 2679 876 2740 καῖ’
839 2703 891 2759 της
908 2673 1046 2754 οὐσίας’
1019 2705 1059 2753 εις
1070 2673 1221 2742 ἀντίδοσιν

220 2818 224 2825 ,
272 2759 386 2866 ηκουσι.
409 2786 475 2866 περι
465 2763 518 2826 δε
529 2788 640 2826 τουτων
650 2763 809 2864 ἕγκαλει
780 2787 821 2824 τω
808 2757 1039 2864 Φαιηίππῳ
1020 2784 1060 2833 ως
1084 2787 1150 2826 ουτε
1166 2787 1221 2865 την

273 2844 452 2952 ἆπογραφην
466 2853 516 2927 τῆς
534 2840 634 2920 οὐσίας
645 2841 783 2910 δεδωκότι
797 2839 872 2907 κατὰ
882 2841 934 2909 τόν
949 2827 1137 2948 προσήκοντα
1149 2845 1219 2952 χρό-

273 2954 346 3032 νον,
350 2924 437 2993 ἀλλ’
400 2927 545 3033 ὕστερον
555 2936 668 3034 πολλῷ,
687 2928 723 2993 τό
733 2954 764 2993 τε
774 2937 879 3010 σημεῖα
889 2937 948 2992 τῶν
959 2925 1158 3030 οίκημότων’
1139 2955 1219 3016 αφη-

273 3011 374 3112 ρηκότι
393 3008 467 3095 ὑπὲρ
489 3019 541 3076 τοῦ
562 3014 725 3094 ἐκφορῆσαι
747 3037 807 3076 των
828 3015 915 3076 ἔνδον
935 3008 1011 3093 τινὰ,
1034 3015 1083 3076 καὶ
1102 2994 1221 3094 ψευδόλς

271 3096 398 3176 οφειλειν
407 3092 500 3158 πολλα
510 3098 704 3184 πλαττομενω

673 3237 829 3249 ——nu—

354 3311 468 3379 Πολλὰ
485 3309 618 3398 κάγαθοὶ
636 3312 764 3399 γένοιτ’,
781 3306 939 3396 οδᾶνδρες
950 3314 1114 3397 δικασταὶ,
1127 3317 1221 3395 πρῶ·

272 3412 331 3477 τὀν
342 3409 402 3495 μὲν
412 3407 493 3496 ὑμῖν
503 3409 643 3496 ἅπασιν,
660 3412 769 3478 ἔπειτα
787 3411 824 3478 δὲ
840 3411 895 3477 καὶ
905 3410 1039 3478 Σόλωνι
1057 3417 1104 3499 τῷ
1115 3435 1219 3495 νομο-

271 3508 449 3594 θετησαντι
459 3508 519 3578 τδν
532 3513 611 3597 περὶ,
620 3517 688 3578 τοῖν
699 3508 900 3576 ἀντιδόσεων
910 3509 1026 3595 νόμον.
1055 3514 1085 3576 εί
1097 3505 1142 3594 μὴ
1153 3505 1218 3592 γὰρ

272 3599 370 3687 οὗτος
380 3606 459 3695 ημῖν
476 3618 591 3696 σαφεῖς
609 3608 742 3695 διώρισε
758 3614 794 3675 τί
808 3615 940 3692 πρῶτον
956 3612 1009 3674 δεῖ
1021 3620 1128 3674 ποιεῖν
1139 3604 1222 3684 τοὺς·

244 3793 246 3798 ·
273 3703 531 3786 ἀντιδεδωκότας
551 3709 606 3775 καί
623 3714 656 3774 τί
675 3706 832 3793 δεύτερον
852 3707 908 3774 καί
923 3705 1025 3773 τᾶλλα
1043 3703 1074 3772 δ’
1088 3708 1215 3791 ἑφεξῆς,
