3159 4409
504 514 1041 579 ιτοουτικκκνοκοοα.
1190 505 1246 584 ἐτ

338 673 391 780 666
403 678 434 741 δέ
445 677 556 741 τούτων
566 669 696 782 μηδεις
676 705 711 766 η,
724 683 821 766 κτείνη
839 675 902 743 δ”’
882 705 979 758 ακων,
991 700 1082 762 γνωσι
1093 676 1122 744 δ
1135 657 1166 746 οί
1174 708 1244 748 πεν-

337 761 464 843 τήκοντα
476 765 526 824 καί
535 759 606 838 είς”
586 788 696 826 ακοντα
707 771 834 868 κτεῖναι,
852 760 1082 864 αίδεσάσθων
1051 789 1079 827 οι
1092 763 1242 875 φράτερες,

338 845 390 910 έδιν
401 849 519 925 θέλωσι,
532 849 618 931 δέκα·
637 845 756 956 τούτους
773 842 804 910 δ’
817 850 848 911 ot
861 844 1042 930 πεντήκοντα
1059 851 1110 911 καί
1121 847 1194 925 εἷς’
1175 879 1242 935 αρτ-

277 1012 281 1017 .
338 934 457 1010 στίνδην
474 924 642 1038 αἱρείσθων.
671 957 721 994 και
712 933 770 994 οί
782 928 924 1035 πρότερον
941 934 1103 1008 κτείναντες
1121 935 1153 996 έν
1168 941 1244 1000 τωδε

337 1040 377 1098 τῳ
366 1015 723 1116 θεσμῴένεχέσθωκ-
746 1009 867 1119 Τοήςδ
880 1013 1128 1118 ἀπογιγνομένους
1141 1001 1198 1079 έν
1183 1045 1245 1096 τοις

338 1078 490 1180 δήμοις,
463 1095 513 1172 οός
525 1093 563 1161 66
553 1093 709 1198 μηδείς’
688 1106 862 1204 αναιρήται,
880 1095 1106 1199 έπριγγελλέτω’
1093 1125 1109 1163 υ
1129 1097 1243 1186 δήμαρ-

338 1206 385 1283 χρς
396 1189 456 1256 τοῖς
466 1178 667 1264 προσήκουσιν
678 1177 813 1287 άναιρεῐν
823 1183 873 1244 καί
884 1179 1012 1246 θάπτειν
1022 1183 1073 1246 καί
1086 1188 1244 1289 καθαίρειν

338 1260 388 1329 τὸν
405 1269 514 1348 δήμου,
533 1273 570 1374 τη
586 1257 716 1352 ημέρα
697 1293 716 1352 η
737 1263 775 1329 δν
793 1260 971 1347 άπογένηται
995 1268 1113 1342 εκαστος
1135 1264 1243 1332 αὐτῶν
1286 1333 1289 1339 ,

339 1351 522 1431 ἐπαγγέλλειν
542 1350 573 1413 δέ
587 1375 654 1455 περι
645 1329 768 1452 μέγ
727 1376 787 1449 τωγ
800 1349 915 1412 δοάλων
925 1376 966 1436 τιγ
952 1347 1117 1451 δεσπότη,
1134 1376 1201 1454 περι
1192 1353 1245 1416 δδ

337 1440 396 1534 τῶν
416 1434 578 1537 ἐλευθέρων
594 1443 654 1508 τοῖς
670 1429 706 1496 τά
723 1429 847 1538 χρήματ’
867 1414 996 1533 έχρυόιυ
1035 1415 1091 1496 έόιν
1109 1430 1198 1497 δέ
1161 1462 1209 1537 μη
1224 1427 1245 1522 ᾗ

338 1514 508 1603 χρήματα
480 1542 522 1580 τω
507 1513 727 1618 ἀποθανόντι,
745 1525 805 1591 τοῖς
815 1514 997 1618 προσήκουσι
1006 1541 1058 1579 του
1045 1510 1243 1582 άποθανόν-
1324 1534 1326 1540 “

336 1627 384 1675 τος
396 1581 589 1703 ἐπαγγέλλειν.
624 1595 676 1664 ἐδιν
694 1601 726 1663 δὲ
741 1607 794 1662 τοῦ
812 1597 962 1681 δήμαρχον
973 1596 1238 1707 ἐπαγγείλαντος
1202 1629 1244 1684 μη

338 1678 1244 1793 άναιρῶνταιοίπροσήκοντερ,δμένδήμαρχοςοίπομισθωσάτω

338 1763 452 1831 ανελειν
458 1793 508 1829 και
499 1765 691 1872 καταθάιγαι
698 1792 747 1830 και
738 1769 892 1876 καθρῖραι
899 1761 951 1830 τδν
954 1771 1053 1864 δῆμον
1060 1763 1241 1873 αὐθημερόν,

337 1876 416 1927 οπως
425 1878 464 1914 αν
475 1847 620 1914 δύνωνται
622 1848 789 1955 όλιγίστου·
798 1849 851 1915 έαν
858 1846 937 1932 δεμη
944 1844 1173 1957 απομισθωση,
1159 1880 1241 1935 οφετ·

336 1938 408 1999 λέτω
419 1940 510 2017 χιλίας
521 1933 688 2038 δραχμάς
659 1961 700 1998 τω
688 1934 892 2039 δημοσίῳ.”
875 1963 891 2000 ο
903 1960 931 1998 τι
942 1931 1005 1999 δ
984 1962 1023 1998 αν
1028 1932 1182 2041 άναλάρη,
1196 1942 1242 2001 δτ-

336 2018 461 2084 πλάσιον
448 2017 633 2128 πραξάσθω
642 2018 722 2103 παρὰ
732 2027 790 2082 τῶν
801 2000 994 2100 ὀφειλόντων·
1006 2016 1059 2083 έόιν
1070 2018 1149 2084 δέ
1091 2050 1152 2124 μη
1163 2018 1241 2125 πρά-

337 2111 381 2191 ξη,
390 2098 475 2180 αότδς
486 2101 624 2184 οφειλετω
630 2129 690 2179 τοις
697 2102 844 2207 δημόταις.
856 2143 892 2151 -
905 2101 978 2178 Τοδς
989 2105 1021 2168 δὲ
1030 2132 1071 2186 μη
1059 2100 1241 2171 άποδιδόν-

336 2215 387 2263 τας
398 2183 449 2264 τάς
459 2187 641 2298 μισθώσεις
630 2194 689 2251 τῶν
699 2195 826 2290 τεμενῶγ
842 2194 901 2250 τῶν
912 2195 963 2268 της
974 2196 1047 2252 θεοῦ
1057 2192 1114 2298 γαί
1118 2198 1177 2288 τῶγ
1188 2187 1240 2251 άλ·

338 2281 397 2334 λων
407 2279 487 2336 θεῶν
499 2299 549 2336 και
559 2280 618 2334 τῶν
628 2269 789 2374 ε’πωνόμων
800 2264 920 2351 άτίμους
930 2268 1006 2334 εἶναι
1016 2274 1069 2335 καί
1078 2268 1184 2348 αὐτοὺς
1191 2274 1242 2336 καί

337 2357 419 2439 γένος
431 2359 480 2420 καί
492 2353 690 2437 κληρονόμους
700 2349 767 2428 τοὺς
777 2352 897 2432 τούτων,
911 2353 995 2427 έως”
975 2381 1013 2416 αν
1023 2350 1199 2468 66066666.]

251 2474 287 2529 59
382 2459 494 2520 Ταῦτα
515 2449 629 2535 πάνθ’,
652 2448 714 2516 ὅσα
735 2453 769 2514 οί
789 2449 888 2539 νόμοι
911 2449 1149 2530 προστάττουσι
1165 2475 1243 2527 τους
1251 2475 1319 2528 1070

296 2553 524 2638 προσήκοντας
535 2563 657 2632 ποιεῖν,
673 2545 754 2634 ήμῖν
772 2547 1013 2630 προστάττουσι
1029 2546 1112 2615 καῖ’
1094 2548 1242 2633 αναγκά-

296 2656 387 2731 ζουσι
397 2664 515 2736 ποιεῖν,
527 2641 555 2716 6
566 2647 687 2734 ἄνδρες
703 2651 861 2713 δικασταί.
890 2646 1103 2736 Μακαρτάτῳ
1117 2649 1151 2715 δὲ
1162 2649 1242 2715 τού-

295 2775 340 2836 τῳ
358 2744 458 2815 οὐδὲν
475 2752 682 2832 διαλέγονται
705 2743 783 2813 οὐδὲ
802 2743 988 2834 Θεοπόμπῳ
1010 2755 1057 2835 τῷ
1078 2751 1176 2832 πατρὶ
1196 2753 1241 2835 τῷ

295 2847 430 2914 τούτου
455 2844 533 2914 οὐδὲ
550 2846 614 2931 γάρ
634 2851 716 2913 είσιν
733 2848 769 2912 έκ
787 2853 850 2913 τοῦ
866 2855 960 2914 οίκου
977 2854 1039 2915 τοῦ
1053 2845 1186 2932 Ἁγνίου
1201 2843 1238 2913 τό

295 2946 467 3030 παράπαν·
490 2941 614 3024 πῶς’όίν
625 2937 689 3011 οὖν
699 2945 829 3022 τούτοις
838 2971 869 3011 τι
880 2942 1133 3029 προστάττοιεν;

250 3072 285 3126 ςο
354 3127 358 3138 ι
374 3042 455 3113 Ἀλλ’
473 3036 579 3129 οὗτος,
594 3037 749 3126 σέάνδρες
762 3044 1010 3132 δικασταὶ,πρδς
1019 3046 1081 3130 μέν
1093 3044 1171 3123 τοὺς
1182 3044 1241 3112 νό-

295 3172 377 3232 μους
390 3145 443 3212 καὶ
454 3142 512 3221 τοὶς
523 3150 720 3230 μαρτυρίας,
741 3140 780 3220 δίς
789 3139 882 3228 ήμεῖς
894 3140 1121 3227 παρεχόμεθα,
1135 3144 1240 3209 δίκαι-

296 3273 336 3313 ον
347 3245 408 3330 μὲν
418 3241 493 3311 οὐδ’
508 3242 622 3311 ὁτιοῦν
634 3250 698 3329 ἔχει
709 3245 826 3329 λέγειν,
845 3241 1026 3328 ἀγανακτεῖ
1035 3240 1070 3308 δὲ
1080 3243 1135 3309 καί
1146 3243 1240 3310 δεινά

295 3367 377 3430 φησι
390 3343 527 3427 πάσχειν
538 3342 588 3410 ὅτι
597 3351 660 3410 τοῦ
674 3340 798 3424 πατρὸς
808 3341 1074 3426 τετελευτηκότος
1084 3339 1241 3426 ἀγωνίζε-

295 3469 362 3509 ται·
385 3446 491 3510 ἐκεῖνο
504 3439 535 3508 δ’
549 3439 611 3509 οὐκ
628 3438 819 3528 ἐνθυμεῖται
829 3439 1067 3527 Μακάρτατος,
1086 3432 1241 3524 οέάνδρες
1344 3464 1348 3469 ’

296 3542 456 3624 δικασταί,
470 3538 522 3608 δτι
533 3535 550 3607 6
562 3538 668 3626 πατήρ
680 3539 785 3608 αὐτοῦ
804 3538 982 3624 ἄνθρωπος
996 3530 1039 3625 ήν
1050 3537 1174 3625 θνητός
1185 3539 1241 3604 καί

293 3640 501 3725 τετελεύτηκε
527 3636 591 3726 μετ’
616 3638 728 3706 άλλων
755 3645 888 3704 πολλῶν
915 3640 969 3704 καί
996 3642 1166 3717 νεωτέρων
1185 3634 1261 3700 καί·

296 3742 537 3826 πρεσβυτέρων.
564 3735 631 3806 ἀλλ’
644 3745 674 3805 εί
683 3735 880 3821 Θεόπομπος
889 3737 1119 3819 τετελεύτηκεν
1130 3727 1147 3798 6
1159 3754 1239 3798 τον-
