3159 4409
547 485 691 546 ΚΑΤΑ
717 483 986 547 Romamn.
1179 486 1244 551 209
1277 433 1279 446 Ι

290 645 382 725 ἅπαξ
394 643 727 731 ἀπαναισχυντήσωσί
740 670 828 722 τινες
843 647 899 712 καὶ
912 644 955 712 τοὶ
972 650 1080 732 ψευδῆ
1090 655 1242 732 φανεροῖς
1294 662 1299 668 “

293 743 480 829 τολμήσωσι
490 756 685 829 μαρτυρεῖν,
708 740 809 810 οὐδὲν
826 743 862 810 δὲ
877 750 934 829 τής
944 740 1101 830 ἀληθείας
1112 741 1240 831 ὄφελος,

250 864 286 918 34
294 841 475 908 πάνδεινον
484 845 574 907 ἔσται
584 849 727 926 πρᾶγμα.
758 839 841 908 ἀλλὰ
854 840 973 928 νὴΛία
985 840 1047 910 ούκ
1059 846 1121 911 είσὶ
1130 851 1242 909 τοιού-

291 964 353 1006 τοι.
384 937 452 1007 ἀλλ’
464 950 576 1007 ῖσασιν
586 937 696 1026 ὑμῶν,
711 938 755 1019 ὣς
765 939 829 1024 ἐγὼ
843 947 979 1027 νομίζω,
991 942 1106 1008 πολλοὶ
1116 941 1171 1007 καὶ
1182 940 1242 1007 τὸν

292 1036 454 1122 Διότιμον
463 1038 518 1104 καὶ
528 1036 588 1105 τδν
602 1035 816 1123 Ἀρχεβιάδην
828 1043 883 1106 καὶ
897 1039 956 1107 τὸν
967 1041 1164 1124 Χαιρέτιμον
1180 1039 1241 1107 τόν

293 1136 463 1204 ἐπιπόλιον
473 1139 615 1219 τουτουὶ,
627 1141 663 1203 οἳ
670 1134 744 1222 μεθ’
754 1133 881 1222 ἡμέραν
892 1137 952 1222 μὲν
962 1137 1241 1222 έσκυθρωπόκασι

292 1237 347 1302 καλ
364 1241 555 1315 λακωνίζειν
571 1236 652 1321 φασὶ
667 1237 722 1302 καί
743 1241 907 1321 τρίβωνας
928 1231 1043 1320 ἔχουσι’
1058 1237 1113 1303 καὶ
1134 1232 1240 1313 ἁπλᾶς

292 1331 522 1418 ὑποδέδενται,
539 1331 673 1402 ἐπειδὰν
691 1332 727 1402 δὲ
745 1341 928 1418 συλλεγῶσι
945 1335 999 1400 καὶ
1010 1330 1074 1420 μετ’
1087 1331 1240 1418 ἀλλήλων
1309 1373 1315 1382 x

248 1449 282 1502 35
291 1436 467 1517 γένωνται,
489 1439 603 1499 κακῶν
620 1434 676 1499 καὶ
693 1437 839 1517 αἰσχρῶν
849 1429 951 1499 οὐδὲν
961 1435 1162 1499 ἐλλείπουσι·
1185 1433 1240 1498 καὶ

290 1538 394 1598 ταῦτα
413 1529 454 1598 τοὶ
475 1522 608 1616 λαμπρὰ
631 1532 686 1598 καὶ
708 1530 845 1596 νεανικοὶ
864 1533 952 1597 έστιν
970 1525 1156 1596 αύτοίν“ού
1174 1527 1239 1614 γὰρ

285 1626 400 1713 “ἡμεῖς
410 1628 662 1713 μαρτυρήσομεν
674 1625 840 1712 ἇλλήλοις;
862 1625 904 1694 ού
920 1625 983 1712 γὰρ
994 1623 1089 1694 ταῦθ’
1102 1629 1240 1708 ἑταιρωυ

285 1723 378 1794 “έστὶ
388 1729 444 1794 καὶ
454 1733 579 1812 φίλους
599 1733 634 1792 τί
647 1724 683 1793 δὲ
698 1727 753 1792 καὶ
770 1723 883 1793 δεινόν
900 1728 990 1793 ἐστιν
1007 1716 1057 1792 τόν
1067 1729 1238 1808 παρέξεται

285 1822 391 1892 ’(κατά
410 1834 488 1904 σούς
523 1823 732 1909 τυπτόμενόν
748 1831 840 1917 ἲφασί
858 1849 944 1902 τινες
959 1820 1059 1908 ὁρᾶυς
1091 1820 1183 1908 ἡμεῖς
1201 1821 1237 1890 δέ

282 1916 552 2010 “μηδ’ἡφθαιτὸ
570 1923 726 2004 παράπαν
741 1919 1003 2007 μαρτυρήσομεν.
1035 1922 1236 1989 ἐκδεδύσθαι
1244 1935 1313 1991 1268

282 2019 495 2107 “θοίμύτιον;
505 2018 591 2088 τοῦτ’
600 2023 745 2098 ἐκείνους
753 2021 917 2106 πρότερον
925 2024 1135 2108 πεποιηκέναι
1143 2016 1236 2108 ἡμεῖς

286 2119 566 2207 ’μαρτυρήσομεν
588 2118 626 2199 τό
641 2129 746 2204 χεῖλος
763 2121 947 2205 ἐρράφθαις
968 2119 1029 2204 τήν
1040 2118 1189 2206 κεφαλήν
1200 2122 1240 2187 δέ

246 2215 331 2303 36“γ’
345 2215 436 2303 ἡμεῖς
452 2215 476 2303 ἡ
491 2218 605 2301 ἕτερόν
622 2244 653 2283 τι
669 2222 864 2303 κατεαγέναι
880 2215 1055 2302 φήσομεν.”
1084 2217 1237 2286 ἀλλὰκαὶ

247 2382 252 2390 ,
287 2316 457 2403 μάρτυρας
468 2314 601 2399 ίατροδς
612 2319 802 2401 παρέχομαι.
831 2312 916 2381 τοῦτ’
929 2312 993 2382 ούκ
1010 2320 1115 2400 ἔστιν,
1131 2307 1159 2382 ὦ
1175 2314 1236 2381 ἄυ-

287 2418 363 2499 δρες
380 2413 544 2498 δικασταὶ,
567 2409 656 2499 παρὰ
673 2412 818 2491 τούτοις·
840 2409 904 2478 ὅσα
921 2411 985 2498 γὰρ
1001 2410 1044 2496 μή
1063 2411 1102 2478 δι’
1115 2408 1235 2495 αὑτῶν,
1349 2484 1351 2491 ἡ

287 2510 427 2591 οὐδενός
437 2511 606 2597 μάρτυρος
622 2508 698 2579 καθ’
708 2508 806 2597 ἡμῶν
822 2507 1076 2594 εὐπορήσουσιν.
1098 2506 1119 2596 ἡ
1137 2513 1157 2575 δ
1162 2508 1169 2530 ’
1183 2507 1235 2576 ἀπ’

287 2610 400 2678 αύτοῐν
420 2608 586 2696 ἑτοιμότης
604 2606 679 2676 οὐδ’
697 2604 741 2676 δν
762 2615 867 2676 είπεῖυ
886 2605 932 2694 μὰ
952 2607 1030 2686 τούς
1052 2606 1155 2687 θεοὺς
1175 2613 1236 2675 δυ-

286 2718 409 2797 ναίμην
430 2709 491 2797 ὅση
513 2712 568 2777 καὶ
589 2712 642 2777 οἵα
663 2706 746 2796 πρὸς
765 2707 803 2777 τὸ
825 2722 932 2776 ποιεῖν
952 2704 1067 2775 ὁτιοῦν
1087 2704 1233 2792 ὑπάρχει.

285 2814 342 2878 ἵνα
364 2808 396 2876 δ’
420 2814 526 2896 είδήτε
546 2803 600 2877 οἷα
626 2811 683 2878 καὶ
703 2800 976 2895 διαπραττόμενοι
1000 2808 1235 2892 περιέρχονται,

287 2912 362 2990 λέγε
383 2905 493 2986 αὐτοῖς
512 2913 649 2977 ταυτασὶ
667 2909 726 2987 τὰς
751 2912 946 2992 μαρτυρίας,
978 2906 1021 2973 σύ
1047 2903 1077 2973 δ’
1104 2909 1235 2990 ἐπίλαβε

286 3004 325 3074 τό
341 3003 441 3089 ὕδωρ.
1028 3008 1031 3012 ’

630 3112 890 3173 MAPTYPIAI.

241 3227 278 3284 37
375 3208 511 3287 Τοίχους
526 3208 642 3271 τοίνυν
663 3205 889 3290 διορύττοντες
909 3206 964 3270 καὶ
985 3207 1137 3279 παίοντες
1156 3199 1234 3280 τούς

285 3301 517 3387 ἀπαντῶντας,
540 3295 645 3386 ἆρ’όέν
656 3300 736 3388 ύμῖν
753 3301 894 3388 ὀκνήσαι
910 3305 1071 3369 δοκοῦσιν
1081 3305 1117 3368 έν
1128 3325 1233 3386 γραμ-

286 3406 440 3490 ματειδίῳ
456 3398 497 3468 τοὶ
508 3405 614 3487 ψευδῆ
625 3416 806 3488 μαρτυρεῖν
823 3399 977 3485 αλλήλοις
988 3404 1023 3467 οί
1033 3426 1233 3487 κεκοινωνη-

286 3500 380 3578 κότες
396 3500 558 3586 τοσαύτης
574 3504 630 3568 καί
644 3499 798 3585 τοιαύτης
820 3498 1156 3585 φιλαπεχθημοσύνης
1176 3505 1232 3566 καὶ

286 3607 445 3685 πονηρίας
461 3604 517 3667 καί
533 3598 699 3679 ἀναιδείας
716 3600 770 3666 καὶ
781 3595 923 3684 ύβρεως;
945 3596 1128 3683 πάνταγὰρ
1142 3596 1231 3663 ταῦτ’

286 3695 385 3783 ἔμοιγ’
398 3700 435 3764 ἐν
451 3712 518 3774 τοῖς
528 3696 592 3765 ὑπὸ
605 3699 734 3765 τούτων
746 3699 985 3783 πραττομένοις
996 3697 1122 3762 Ιἐνεῖναι
1133 3699 1231 3762 δοκεῖ.

329 3794 464 3846 Demosth.
487 3794 546 3845 Vol.
557 3794 606 3850 ΙΙΙ,
1048 3793 1082 3846 14
