3159 4409
313 511 376 575 110
500 509 604 567 xtvu.
627 501 1077 583 [ΔΗΜοΣοαΝουΣ]

205 678 221 705 ”
313 667 373 755 κὴς
383 665 545 754 ἐγενόμην
555 663 639 752 πρὸς
649 661 796 742 τούτους
825 669 931 731 καίτοι
940 661 980 730 τό
989 688 1029 748 με
1037 659 1265 750 ψήφισμαδη-

313 773 432 853 μοσίαυ
448 763 511 852 τὴν
523 763 600 832 οόοί
599 789 642 831 αν
586 760 844 832 ί’ἐκέλευεν
814 787 898 829 ειναι
908 758 950 828 οὐ
961 760 1069 847 μόνον
1078 758 1115 839 ὃς
1125 755 1170 828 ἂν
1181 765 1264 847 ἔχων

313 865 414 950 σκεύη
431 890 475 951 μη
463 861 642 946 άποδιδῳ
657 886 697 947 τη
683 861 821 943 πόλει,
845 857 930 926 ἄλλα
941 855 1026 927 καὶ
1006 886 1043 938 ος
1052 886 1097 927 αν
1107 864 1264 949 ίδίακτη-

313 963 455 1048 σάμενος
470 987 515 1046 μη
533 967 643 1048 πωλῇ·
665 959 801 1044 τοιαύτη
818 957 883 1045 γάρ
902 951 1154 1045 ἡάπορίαοῦσα
1165 967 1265 1030 σννέ-

312 1068 406 1149 βαινε
422 1059 497 1127 τότε
514 1060 550 1125 ἐν
567 1064 608 1145 τῇ
626 1057 720 1126 πόλει
736 1063 877 1125 σκευῶν.
908 1064 967 1125 καί
974 1083 1029 1144 μοι
1040 1057 1216 1144 άυάγνωθι
1226 1056 1261 1128 τό

312 1159 477 1246 ψήφισμα.

669 1245 901 1308 ΨΗΦῙΣΜΑ.

267 1368 312 1431 45,
395 1354 774 1440 Καταπλεάσαςτοίννν,
793 1347 952 1439 ω’άνδρες
963 1357 1129 1441 δικασταί,
1147 1353 1263 1436 &9013-

312 1459 381 1526 δενλ
396 1456 521 1542 ἤθελεν
536 1457 721 1540 ἐπιτρέπειν
736 1453 944 1540 ὁΘεόφημος
961 1457 1116 1537 περὶτῶν
1126 1463 1262 1542 πληγῶν
1268 1469 1301 1523 11ὲ

312 1549 361 1624 οἷν
371 1555 438 1625 τότ’
452 1563 573 1646 ἔλαβον
582 1551 640 1622 ὑπ’
654 1552 774 1640 αὐτοῦ,
786 1551 1081 1640 προσεκαλεσάμην
1093 1551 1200 1622 αὐτόν
1208 1557 1262 1625 καλ

228 1718 233 1729 s
311 1660 428 1740 ἔλαχον
444 1654 535 1743 αὐτῷ
551 1659 647 1740 δίκην
668 1661 781 1733 αίκίας.
816 1652 1207 1741 ἀντιπροσκαλεσαμένου
1226 1656 1261 1724 δέ

311 1753 467 1820 κάκείνου
479 1753 533 1838 ἐμὲ
548 1754 602 1819 καὶ
614 1757 790 1839 διαιτητῶν
799 1753 945 1838 ἐχόντων
955 1749 1014 1832 τάς
1024 1756 1133 1839 δίκας,
1149 1754 1260 1842 ἐπειδὴ

310 1849 329 1940 ἡ
346 1850 512 1937 άπόφασις
527 1843 570 1937 ἦν
586 1859 644 1936 τῆς
661 1855 768 1937 δίκης,
791 1849 810 1918 ὁ
829 1853 890 1937 μὲν
900 1849 1076 1937 Θεόφημος
1093 1850 1261 1939 παρεγρά-

311 1978 391 2037 φετο
408 1953 463 2018 καὶ
479 1947 676 2034 ὑπώμνυτο,
697 1950 761 2035 ἐγώ
779 1950 815 2018 δὲ
833 1949 998 2018 πιστεύων
1015 1952 1147 2040 ἐμαυτῷ
1157 1951 1261 2040 μηδὲν

268 2049 437 2119 46άδικείν
461 2047 584 2138 εἰσῄειν
605 2055 651 2128 είς
673 2046 767 2136 ὑμᾶς.
808 2049 1058 2136 παρασχόμενος
1078 2052 1115 2121 δὲ
1136 2054 1260 2142 ἐκεῖνος

234 2169 239 2177 ’
310 2151 434 2235 ταύτην
449 2147 510 2236 τὴν
520 2155 721 2236 μαρτυρίαν,
742 2145 1262 2237 ἣνάλλοςμλνοόδελςμεμαρτό-

310 2275 421 2336 ρηκεν,
433 2244 451 2317 ὁ
463 2248 496 2316 δ’
508 2246 716 2334 ἀδελφόςκαὶ
728 2243 746 2315 ὁ
757 2248 933 2334 κηδεστὴς,
948 2245 992 2326 οἱς
1002 2249 1114 2316 ἐθέλοι
1125 2249 1188 2336 τὴν
1198 2249 1260 2318 άν-

308 2357 450 2432 θροοπου
466 2351 690 2434 παραδοῦναι,
711 2349 765 2414 καὶ
782 2344 1068 2433 προσποιούμενος
1079 2346 1203 2428 άκακος
1213 2348 1259 2418 εί-

308 2473 381 2530 ναι,
403 2446 581 2533 ἐξηπάτησε
598 2444 677 2526 τούς
691 2444 854 2525 δικαστάς.
890 2449 1005 2532 δέομαι
1023 2445 1055 2513 δ’
1075 2443 1259 2532 ὑμῶννννλ

309 2550 440 2614 δικαίαν
457 2551 584 2633 δέησιν,
607 2545 675 2632 ἅμα
691 2547 752 2633 μὲν
770 2547 902 2614 δικάσαι
913 2548 987 2632 περὶ
998 2554 1054 2632 τῆς
1066 2554 1258 2633 μαρτυρίας,

309 2645 431 2730 πότερα
448 2645 574 2731 ψευδής
590 2649 679 2713 ἐστιν
690 2642 712 2731 ἢ
724 2643 867 2731 ἀληθὴς,
889 2642 958 2731 άμα
969 2644 1004 2713 δὲ
1015 2646 1088 2730 περὶ
1099 2654 1161 2712 τοῦ
1171 2646 1259 2731 πρά-

264 2768 299 2824 47
308 2769 429 2830 γματος
440 2748 471 2824 ἐξ
483 2743 581 2831 ἀρχῆς
591 2747 786 2826 σκέψασθαι.
816 2741 879 2828 ἐγώ
892 2743 953 2829 μὲν
963 2750 1094 2830 τοίνυν,
1108 2749 1153 2824 είς
1163 2741 1187 2812 δι’
1198 2737 1260 2812 οὖ-

307 2870 364 2923 τος
378 2846 543 2929 κατέφυγε
561 2844 634 2912 τότε
651 2849 778 2930 δίκαια,
802 2846 839 2911 ἐκ
854 2842 983 2910 τούτων
1000 2840 1090 2928 οἶμαι
1108 2847 1178 2911 δεῖν
1199 2847 1259 2913 τὸν

308 2947 441 3028 ἔλεγχον
457 2944 629 3028 γενέσθαι,
652 2946 761 3028 ἕκτης
783 2939 969 3028 άνθρόπον
989 2945 1257 3030 βασανιζομένης,

309 3037 465 3123 ὁπότερος
474 3033 551 3128 ἦρξε
560 3049 680 3127 χειρῶν
690 3038 830 3109 άδίκων·
845 3049 942 3108 τοῦτο
954 3040 1017 3126 γάρ
1028 3043 1116 3108 ἐστιν
1126 3037 1148 3126 ἡ
1157 3046 1256 3108 αἰκία

308 3141 362 3206 καὶ
378 3136 456 3218 τούς
471 3139 639 3226 μάρτυρας
650 3137 703 3207 διά
714 3146 812 3207 τοῦτο
825 3140 933 3208 διώκω
946 3145 1013 3206 τῶν
1024 3143 1258 3225 ψευδομαρτυ-

310 3245 408 3323 ριῶν,
425 3238 476 3306 ότι
487 3238 720 3326 ἐμαρτύρησαν
730 3241 858 3307 ἐθέλειν
869 3238 1090 3323 παραδιδόναι
1100 3235 1159 3305 τόν
1172 3237 1259 3306 Θεό-

309 3358 421 3419 φημον
438 3335 504 3423 τὴν
515 3337 699 3423 ἄνθρωπον
705 3388 714 3420 ,
737 3334 887 3424 οὐδαμοῦ
898 3335 935 3405 τό
949 3345 1043 3424 σῶμα
1054 3339 1259 3423 παραδιδόν-

309 3456 364 3510 τος
386 3432 462 3501 οὔτε
483 3434 623 3523 πρόςτῷ
645 3440 794 3524 διαιτητῇ
816 3435 892 3503 οὔτε
912 3434 1071 3522 ὕστερον,
1099 3437 1259 3516 πολλάκις

267 3544 301 3601 48
308 3534 391 3616 ἐμοῦ
405 3533 637 3618 ἐξαιτήσαντος.
668 3539 787 3622 διπλῆν
799 3527 862 3602 οὖν
875 3533 997 3615 αὐτοὺς
1007 3540 1060 3602 δεῖ
1068 3541 1164 3623 δίκην
1176 3539 1260 3604 δοῦ-

308 3655 379 3713 ναι,
402 3628 453 3696 ὅτι
470 3656 504 3698 τε
514 3634 720 3720 ἐξηπάτησαν
730 3632 810 3713 τούς
822 3632 976 3712 δικαστάς
987 3638 1119 3714 ψευδεῖς
1129 3659 1259 3720 μαρτυ-

308 3739 379 3812 ρίας
390 3730 648 3818 παρασχόμενοι,
664 3737 825 3821 κηδεστοῦ
837 3735 891 3801 καὶ
902 3732 1059 3819 άδελφοῦ,
1073 3734 1128 3800 καὶ
1138 3731 1190 3801 ὅτι
1201 3733 1257 3822 ἐμὲ
