3159 4409
292 497 336 580 τε
501 498 582 592 ταν.
618 488 1033 589 ΔΗΜοΣοΕΝουΣ

209 620 210 629 ¹
244 717 248 723 .
293 654 436 746 γυούςδ
447 649 607 737 ούτοςὸτι
620 654 728 722 πάντα
741 651 1009 740 ἐξελεγχθήσεται
1022 653 1245 733 καίκάκιστος

294 753 490 839 ἀνθρώπων
503 756 579 838 περί
589 748 674 838 ἡμᾶς
685 748 834 838 γεγονώς
845 752 1125 839 ἐπιδειχθήσεται,
1137 776 1245 838 μηχα-

251 904 255 913 ·
292 848 390 923 νάται
401 854 457 921 καί
473 849 705 930 κατασκευάζει
721 858 839 936 ταῦτα,
858 848 916 934 ἐφ’
932 845 981 930 οἷς
994 853 1169 936 Στέφανος
1182 846 1245 918 οὑ-

292 954 363 1021 τοσὶ
376 951 417 1019 τά
432 954 540 1036 ψευδῆ
557 975 623 1036 μου
640 940 938 1035 κατεμαρτύρησεν.
960 951 1019 1016 καί
1032 957 1165 1032 πρῶτον
1181 949 1244 1035 μὲν

293 1048 525 1135 παρεγράψατο
539 1048 602 1134 τὴν
615 1051 726 1134 δίκην,
738 1044 782 1133 ἣν
794 1051 914 1131 ἔφευγε
926 1053 1100 1134 Φορμίων,
1116 1045 1162 1134 μὴ
1174 1053 1244 1114 τίσ-

293 1148 462 1235 αγάγιμον
476 1145 583 1214 εἶναι·
605 1150 714 1214 ἔπειτα
731 1146 918 1231 μάρτυρας,
943 1145 987 1225 ὦς
1004 1145 1118 1233 άφῆκα
1137 1144 1244 1214 αύτὸν

292 1254 360 1314 τῶν
375 1242 605 1331 ἐγκλημάτων,
623 1248 801 1329 παρέσχετο
812 1249 960 1330 ψευδεῖς,
978 1247 1034 1313 καὶ
1046 1244 1243 1331 μισθώσεως

291 1370 381 1423 τινος
391 1345 723 1430 ἐσκευωρημένηςκαί
740 1343 903 1430 διαθήκης
915 1341 1127 1412 ούδεπάττοτε
1144 1369 1244 1430 γενο-
1296 1354 1298 1359 ’

268 1445 400 1531 θμένης.
426 1441 605 1529 προλαβών
621 1443 660 1510 δέ
668 1466 734 1528 μου
747 1439 831 1509 ὥστε
842 1443 1007 1528 πρότερον
1017 1446 1125 1529 λέγειν
1136 1441 1237 1512 διδ
1203 1468 1241 1510 το

292 1539 515 1626 παραγραφὴν
526 1540 674 1608 εἶναικαὶ
684 1568 728 1662 μη
718 1538 922 1632 εὐθυδικία
933 1532 1141 1664 είσιέναι,καδ
1151 1537 1239 1611 τουτ’.

292 1639 459 1724 αναγυονς
468 1641 523 1706 καὶ
534 1639 638 1708 ταλλα
646 1666 714 1725 ως
725 1665 814 1731 αυτω
825 1645 1009 1728 συμφερειν
1018 1657 1144 1728 ηγειτο,
1158 1656 1243 1722 ψευ-

294 1738 435 1823 σάμενος
451 1734 539 1804 οὕτω
561 1727 694 1823 διέθηκε
717 1737 797 1818 τούς
819 1739 989 1828 δικαστάς,
1018 1739 1101 1810 ωστε
1122 1737 1244 1828 φωνὴν

294 1829 401 1954 μηδ”
384 1839 543 1920 ηντινοῦν
561 1833 728 1902 ἐδέλειν’
708 1837 846 1904 ακούειν
858 1836 968 1923 ἡμων·
991 1839 1243 1926 προσοφλωνδέ

294 1934 356 2020 τὴν
378 1937 562 2019 ἐπωβελίαν
584 1935 639 2000 καὶ
656 1931 735 2018 οὐδε
754 1932 858 2019 λύγου
874 1949 986 2021 τυχεῖν
1005 1932 1242 2022 demam

293 2029 356 2100 ούκ
372 2028 431 2100 οἶδ’
445 2041 479 2100 εί
490 2057 538 2110 τις
554 2031 686 2099 πωποτε
704 2030 804 2110 άλλος
821 2031 1067 2120 άνθράτιων,’
1047 2034 1167 2122 ατιῄειν
1178 2041 1243 2121 βα-

268 2133 391 2217 Ὶρέως,
404 2121 753 2218 ωάνδρεςἈδηναίοι,
766 2133 1111 2221 καὶχαλεπωςφέρων
1138 2134 1242 2218 λόγον

294 2227 321 2298 δ’
332 2232 462 2320 ἐμαυτω
474 2226 587 2308 διδούς
598 2226 739 2315 εὑρίσκω
750 2243 820 2308 τοῖς
831 2231 985 2299 δικάσασι
995 2231 1106 2317 μέν’
1067 2257 1142 2300 τοτε
1157 2241 1243 2300 πολ-

293 2327 568 2419 ληνσυγγνάμην
581 2320 689 2395 οὖσαν
710 2327 784 2414 (ἐγω
802 2326 868 2415 γάρ
887 2327 988 2410 αὐτὸς
1008 2329 1070 2399 οὐκ
1083 2327 1127 2398 άν
1138 2328 1241 2399 οἶδ’”
1220 2357 1239 2398 ο

292 2455 324 2497 τι
334 2425 414 2495 άλλο
425 2423 513 2512 εἶχον
522 2433 747 2514 ψηφίσασθαι,
768 2435 838 2495 τῶν
854 2433 1094 2516 πεπραγμένων
1103 2431 1165 2517 μὲν
1173 2457 1243 2517 μη-

295 2528 353 2595 δὲν
364 2523 474 2610 είδως,
491 2524 536 2593 τά
552 2529 588 2594 δέ
598 2527 854 2613 μαρτυρούμενα
866 2525 1031 2613 άκούων),
1049 2529 1190 2608 τούτους
1207 2527 1244 2596 δὲ

296 2622 407 2706 ἀξίους
417 2623 515 2703 ὄντας
526 2623 642 2712 ὀργῆς,
661 2633 696 2693 οἳ
711 2633 756 2715 τῷ
776 2625 817 2692 τά
833 2631 941 2712 ψευδῆ
950 2641 1130 2714 μαρτυρεῖν
1143 2636 1245 2697 αἴτιοι

294 2723 424 2790 τούτων
433 2724 595 2806 ἐγένοντο.
619 2724 693 2808 περὶ
706 2721 818 2809 μὲνδὴ
833 2727 901 2791 τῶν
912 2722 1023 2804 ἄλλων
1037 2732 1105 2792 τῶν
1114 2749 1244 2812 μεμαρ-

294 2822 497 2908 τυρηκότων,
513 2819 595 2887 ὅταν
606 2817 690 2904 πρὸς
704 2823 851 2901 ἐκείνους
863 2827 963 2906 είσίω,
974 2821 1047 2890 τότε
1061 2825 1126 2907 ἐρῶ
1134 2848 1142 2861 ·
1165 2823 1243 2910 περὶ

296 2911 345 2988 οἷν
359 2914 390 2985 δ’
409 2915 522 2985 οὑτοσί
534 2919 707 3001 Στέφανος
719 2921 986 3005 μεμαρτύρηκεν,
1005 2919 1068 3006 ἤδη
1082 2920 1243 3006 πειράσο-

268 3033 353 3105 Θμαι
367 3016 536 3085 διδάσκειν
547 3013 641 3102 ὑμᾶς.
664 3017 744 3104 λαβὲ
759 3015 788 3085 δ’
799 3015 906 3105 αὐτὴν
918 3018 979 3103 την
990 3025 1176 3103 μαρτυρίαν
1185 3020 1243 3087 καὶ

295 3115 471 3202 άνάγνωδί
478 3143 549 3204 μοι,
567 3120 625 3183 ἵνα
640 3117 673 3196 ἐξ
687 3114 789 3204 αὐτῆς
801 3116 1006 3186 ἐπιδεικνύω.
1034 3119 1123 3203 λέγε·
1145 3114 1189 3184 σύ
1207 3113 1241 3184 δ’
1262 3189 1267 3199 ,

294 3216 426 3302 ἐπίλαβε
437 3216 473 3285 τὸ
486 3213 587 3303 ὕδωρ.
690 3273 696 3286 .

654 3353 893 3414 MAPTYPIA.

420 3458 581 3565 [Στέφανος
584 3467 772 3564 Μενεκλεους
780 3455 1064 3564 Ἀχαρνεύς,Ἕνδιος
1072 3457 1240 3543 Ἐπιγένους

334 3540 519 3625 Λαμπτρευς,
527 3538 651 3647 Σκύθης
656 3543 819 3630 Ἁρματέως
825 3539 1051 3648 Κυδαθηναιεύς
1044 3550 1240 3650 μαρτυροῦσι

334 3632 471 3709 παρεῖναι
486 3651 573 3734 τερος
573 3655 614 3715 τμ
601 3629 763 3732 διαιτητῇ
782 3631 867 3714 Τισία
847 3623 1027 3731 αἈχαρνεῖ,
1045 3653 1091 3692 οτε
1106 3623 1239 3711 προύκα-

333 3717 409 3774 λεϊιο
417 3715 556 3796 Φορμίων
564 3693 793 3797 Ἀπολλόδωρον,
802 3691 877 3776 εἶ’
835 3739 876 3795 μη
886 3731 977 3795 φησιν
987 3706 1161 3812 ἀντίγραφα
1158 3709 1241 3777 εἶναι

1238 3335 1315 3419 ἰιοε
