3159 4409
321 483 385 550 ³46
572 464 1018 560 [ΔΗΜΟΣΘΕΝΟῬΣ]

323 671 410 732 ρους.
443 640 485 711 οὐ
503 641 569 728 μὴν
585 636 660 707 ἀλλ’
678 637 855 725 αἱρήσομαι
871 643 997 722 μᾶλλον
1013 635 1129 723 αάτδς,
1150 631 1273 723 άνάρα

320 751 419 812 τοῦτο
430 740 540 826 πάθω,
553 743 663 807 δοκεῖν
674 745 836 822 φλυαρεῖν
845 729 868 820 ἢ
877 732 951 818 παρ’
964 732 986 801 ά
993 736 1143 821 βέλτιστα
1152 738 1272 821 νομίζω

321 849 363 929 τῇ
373 840 468 908 πόλει
478 840 642 923 προέσθαι
652 837 738 904 τισὶν
751 832 837 921 ὑμᾶς
847 837 1051 920 ἐξαπατῆσαι.
1083 827 1272 918 τάμὲνοάν

322 939 407 1006 άλλα
424 935 582 1022 ὕστερον,
604 933 664 1002 ἐάν
679 931 760 1019 ὑμῖν
772 925 1038 1020 βουλομένοιςῇ,
1060 934 1158 1012 λέξω·
1176 935 1218 1000 ’έκ
1235 934 1272 999 δὲ

321 1045 392 1105 τῶν
408 1037 684 1123 ὁμολογουμένων
700 1030 759 1099 ὑπ’
779 1029 1057 1118 αότῶνάρξομαι,
1080 1028 1102 1097 ά
1112 1031 1270 1118 κράτιστα

322 1141 459 1222 νομίζω,
472 1131 647 1202 διδάσκειν.

408 1327 492 1415 Οὐχὶ
500 1326 602 1395 ταότά
611 1325 808 1412 γιγνώσκων
816 1327 914 1403 ἐνίοις
923 1332 992 1392 τῶν
1002 1325 1185 1410 εἰρηκότων
1194 1322 1270 1393 άνέ-

323 1452 442 1518 στηκα,
466 1420 818 1510 ὦάνδρεςἏθηναῖοι.
852 1419 893 1495 οὐ
903 1420 1271 1508 μὴνοόδέτοάτουςαί-

324 1529 476 1614 τιάσομαι
502 1533 602 1612 κακία
627 1520 783 1591 τάναντία
809 1535 877 1600 τοῖς
897 1528 1076 1608 βελτίστοις
1095 1523 1269 1608 εἰρηκέναι,

321 1623 394 1694 ἀλλ’
414 1623 465 1692 ότι
475 1623 592 1690 πολλοὶ
604 1628 665 1688 τοῦ
675 1618 715 1688 τά
727 1621 903 1706 πράγματα
915 1627 1040 1703 κρίνειν
1050 1617 1269 1705 ἀμελήσαντες

322 1720 401 1807 τούς
411 1721 531 1805 λόγους
542 1732 693 1805 σκοπεῖν,
711 1716 932 1805 οὒςέροῦσιν,
950 1720 1103 1804 εἰώθασι,
1115 1713 1270 1787 νάντοά-

320 1845 388 1897 τοις
398 1816 559 1903 ἀφθόνως
569 1817 758 1904 ἐντύχωσιν,
771 1820 906 1904 ἑτοίμως
916 1822 1123 1904 δημηγορεῖν,
1139 1815 1202 1885 οὐκ
1213 1815 1270 1902 όρ-

320 1924 391 1994 θῶς
401 1917 590 2000 ἐγνωκότες,
603 1914 680 1984 οὐδὲ
690 1917 894 2003 λογιζόμενοι
905 1915 978 2003 παρ’
990 1920 1116 1997 ἑαυτοῖς
1126 1917 1179 1986 ότι
1189 1926 1269 1986 πολ-

319 2023 392 2083 λων
408 2014 560 2097 πράξεων
577 2015 614 2080 έν
631 2021 742 2102 πολλῷ
752 2016 863 2104 χρόνῳ
874 2023 954 2083 πᾶσι
964 2020 1206 2102 πεπραγμένων
1216 2017 1269 2083 καί

320 2111 374 2181 διά
399 2114 477 2192 τοὺς
498 2113 632 2196 καιρούς
656 2115 754 2180 ἐνίων
774 2109 1127 2211 ὑπευαντίωναὺταῖς,
1151 2111 1195 2182 άν
1214 2113 1269 2193 τάς

320 2215 480 2296 προτέρας
496 2237 543 2290 τις
560 2208 772 2298 ὑπερβαίνων
786 2211 846 2292 τάς
861 2212 1000 2301 ὑστέρας
1010 2217 1104 2300 λέγῃ,
1127 2211 1266 2300 λάσειτό

321 2313 445 2398 ῥᾷστον
454 2318 521 2379 τῶν
531 2315 638 2396 έργων
648 2318 764 2396 ποιῶν,
777 2310 882 2379 αὐτόν
892 2316 1068 2392 ἐξαπατῶν.
1091 2314 1196 2397 οἱμὲν
1208 2304 1268 2378 οὖν

292 2427 294 2432 ’
321 2407 409 2476 οὕτω
427 2409 590 2495 χρεόμενοι
606 2417 654 2498 τῷ
664 2410 906 2497 συμβουλεύειν
917 2415 1055 2480 δοκοῦσί
1061 2435 1117 2496 μοι
1128 2409 1192 2495 την
1203 2402 1268 2477 άπὸ
1314 2421 1316 2425 ’

321 2514 388 2575 τῶν
405 2510 578 2594 ῥηθέντων
587 2514 649 2575 τοῦ
659 2509 828 2576 δύνασθαι
839 2513 946 2593 λέγειν
957 2509 1057 2589 δόξαν
1067 2511 1269 2594 γιγνομένην

321 2602 433 2682 αὐτοῖς
455 2603 573 2690 ίκανην
594 2611 783 2691 φιλοτιμίαν
803 2604 972 2692 ἡγεῖσθαι·
1002 2605 1065 2692 ε’γω
1090 2608 1127 2676 δὲ
1147 2611 1331 2692 νομιζωιίῖδ

321 2711 440 2790 χρῆναι
456 2703 515 2771 τόν
531 2703 625 2771 πόλει
641 2706 716 2791 περὶ
733 2706 934 2790 πραγμάτων
944 2708 1171 2792 ἐπιχειροῦντα
1182 2727 1269 2792 συμ-

320 2801 496 2888 βουλεύειν
519 2807 644 2885 μᾶλλον
666 2799 757 2880 ὅπως
779 2800 820 2868 τά
846 2803 988 2883 δόξαντα
1011 2811 1160 2872 συνοίσει
1190 2825 1270 2874 σκο-

321 2915 396 2968 πεῖν
412 2893 433 2985 ἢ
450 2898 539 2978 ὅπως
549 2904 583 2967 οί
590 2909 786 2987 παραχρῆμα
796 2902 889 2987 λόγοι
898 2902 996 2989 χάριν
1005 2905 1123 2983 ἕξουσι.
1146 2901 1270 2989 δεῖγάρ

320 3013 388 3077 τοῖς
410 3000 463 3066 ἐπὶ
482 3005 551 3065 των
571 2998 681 3084 λόγων
703 2997 916 3086 εὐδοκιμοῦσι
936 3001 1165 3087 συμφέροντός
1180 2998 1270 3078 τινος

320 3101 420 3182 ἔργου
436 3099 556 3179 πρᾶξιν
570 3111 757 3184 προσεῖναι,
780 3102 836 3165 ἵνα
852 3098 897 3184 μὴ
908 3107 973 3166 νῦν
984 3099 1105 3185 μόνον,
1127 3096 1204 3165 ἀλλ’
1219 3095 1270 3165 αἐὶ

320 3194 360 3260 τά
372 3195 517 3282 ῥηθέντα
526 3203 633 3275 καλῶς
643 3201 708 3283 ἔχη.

404 3395 447 3455 Εί
450 3390 518 3476 μέν
525 3389 690 3476 ἐγνώκατ’,
700 3383 728 3459 ὦ
738 3389 1044 3479 άυδρεςἏθηναῖοι,
1056 3401 1089 3460 τί
1096 3393 1270 3479 βέλτιστον

320 3481 361 3554 όν
373 3489 528 3572 τυγχάνει
538 3494 658 3576 πρᾶξαι
667 3495 741 3577 περὶ
750 3498 820 3559 τῶν
831 3492 1007 3576 παρόντων
1013 3542 1029 3587 ,ἱ
1042 3487 1219 3579 ἁμάρτημα
1230 3492 1266 3561 τό

321 3587 564 3670 συμβουλεύειν
581 3594 788 3673 προτιθέναι·
812 3589 833 3656 ά
849 3588 912 3676 γάρ
930 3588 1114 3676 αότοίπρίυ
1124 3591 1269 3661 άκοῦσαι

321 3681 506 3768 δοκιμάζετε
523 3691 719 3774 συμφέρειν,
743 3695 778 3756 τί
791 3692 845 3756 δεῖ
850 3696 953 3756 ταῦτα
964 3686 1148 3768 άκοάοντας
1160 3691 1269 3777 μάτην
