3159 4409
466 517 471 535 ·
592 485 873 561 ωυιΣυοΛΗ
891 504 935 560 ιιι.
1173 501 1239 565 τοι

290 666 426 746 πρῶτον
438 661 499 747 μὲν
509 663 564 727 καὶ
575 667 728 727 πλεῖστον
739 659 843 743 λόγον
853 659 1051 745 ποιούμενος
1061 670 1122 729 τοῦ
1132 670 1238 732 καλοῦ

289 761 415 827 καὶτοῦ
427 760 655 844 συμφέροντος
664 755 761 843 ὑμῖν,
785 757 942 842 δεῦτερου
953 756 986 824 δ’
998 757 1049 826 ὅτι
1060 757 1122 845 τὴν
1133 758 1239 849 αὐτὴν

290 855 439 941 εῦυοιαν,
452 853 497 942 ἢν
507 855 590 941 πρὸς
601 861 706 936 ζῦντα
719 863 921 943 Λυκοῦργον
933 855 1036 943 είχον,
1052 862 1181 925 δίκαιον
1191 859 1238 926 εί-

289 982 345 1023 ναι
371 961 491 1042 υομιζω
513 959 568 1024 καὶ
589 952 673 1040 πρὸς
692 954 770 1034 τοῦς
791 961 910 1035 παῖδας
930 954 1036 1024 αὐτοῦ
1057 964 1239 1043 φαίνεσθαι

243 1066 279 1122 36
291 1060 385 1139 ἔχων.
419 1062 449 1122 ελ
466 1058 504 1120 δέ
519 1079 565 1143 τφ
582 1056 785 1141 παρέστηκεν
797 1051 840 1133 ὡς
851 1055 939 1122 πολῦ
949 1082 1006 1139 μοι
1017 1061 1160 1142 περίεστι
1171 1063 1239 1124 νῦν

289 1155 436 1238 ἐμαυτοῦ
452 1150 669 1238 πραγμάτων,
692 1150 754 1220 οῦκ
772 1148 816 1221 δν
832 1150 1009 1239 ὀκνήσαιμι
1025 1151 1108 1235 πρὸς
1118 1159 1238 1221 τοῦτον
1322 1208 1326 1223 ,

289 1256 393 1318 εἰπεῖν
409 1249 461 1320 δτι
477 1259 545 1319 τῶν
558 1250 799 1338 συμφερόντων
809 1247 889 1337 ὑμῖν
899 1253 954 1319 καλ
964 1260 1025 1320 τοῦ
1035 1254 1160 1338 μηδένα
1170 1259 1238 1320 τῶν

288 1356 398 1434 φίλων
414 1352 658 1434 ἐγκαταλείπειν
676 1346 796 1436 ὁμοίως
812 1348 922 1433 ὥσπερ
940 1358 998 1436 της
1014 1353 1159 1437 ἐμαυτοῦ
1170 1371 1238 1418 σω-

287 1449 579 1534 τηρίαςφροντίζω.
600 1446 728 1516 οῦκουν
736 1449 772 1524 ἐκ
780 1454 842 1516 τοῦ
851 1448 1022 1532 περιόντος
1030 1458 1132 1517 ταῦτα
1141 1456 1235 1537 ποιῶ,

286 1543 362 1614 ἀλλ’
375 1543 439 1613 άπδ
451 1554 508 1632 τῆς
519 1544 620 1632 αὐτῆς
630 1549 777 1633 σπουδῆς
787 1548 843 1614 καλ
854 1552 1074 1635 προαιρέσεως
1084 1549 1139 1614 καλ
1155 1556 1237 1616 ταῦ-
1260 1626 1264 1631 ff

286 1671 326 1710 τα
335 1642 470 1711 κάκεῑνα
480 1652 539 1730 μιᾷ
549 1645 663 1730 γνάμη
674 1645 954 1732 πραγματεύομαι.
978 1652 1121 1730 περίεστι
1132 1648 1170 1714 δέ
1179 1672 1235 1732 μοι

286 1751 437 1827 τοιαῦτα,
460 1737 514 1809 οἶα
530 1757 597 1821 τοῖς
613 1742 719 1810 κακόν
735 1769 767 1811 τι
776 1752 916 1812 νοοῦσιν
930 1741 1010 1831 ὑμῖν
1020 1748 1233 1829 περιγένοιτο.

286 1846 341 1910 καὶ
352 1845 426 1927 περὶ
436 1843 497 1927 μέν
506 1841 633 1910 τούτων
644 1843 753 1912 ίκανά.

240 1955 275 2011 37
364 1938 485 2020 Ἡδέως
502 1940 533 2008 δ’
552 1936 596 2008 άν
614 1936 693 2028 ῦμίυ
710 1940 772 2029 την
789 1937 840 2009 ἐπ’
854 1939 969 2031 εὐνοία
980 1945 1035 2010 καί
1046 1950 1140 2031 φιλία
1151 1946 1234 2029 μέμ-

285 2056 345 2122 φιν
355 2047 556 2128 ποιησαίμην
566 2047 632 2109 νῦν
642 2043 752 2128 μὲνέν
762 2047 947 2130 κεφαλαίῳ,
967 2047 1074 2130 μικρῷ
1091 2038 1122 2108 δ’
1136 2040 1234 2108 ῦστε-

285 2167 347 2225 ρον
365 2139 409 2209 δι’
422 2145 593 2226 ἐπιστολῆς
605 2149 750 2227 μακράς,
771 2138 817 2225 ἣν
827 2140 949 2222 ἐάνπερ
959 2137 1023 2223 ἐγω
1035 2143 1078 2219 ζῦ
1088 2144 1234 2222 προσδο-

284 2247 381 2322 κάτε,
403 2234 445 2305 δν
457 2237 500 2323 μὴ
513 2238 554 2304 τά
568 2244 677 2305 δίκαια
687 2243 840 2322 γίγνηταί
847 2263 904 2321 μοι
914 2234 993 2320 παρ’
1006 2233 1103 2321 ῦμῦν
1114 2237 1234 2321 πρότε-

286 2361 363 2424 ρον·
385 2339 518 2421 οἵτινες,
543 2327 569 2402 ά
586 2341 634 2422 (τί
647 2331 691 2401 άν
708 2333 810 2401 είπων
825 2331 910 2418 μήθ’
927 2330 1083 2419 ἁμαρτεῖν
1098 2337 1232 2419 δοκοίην

284 2434 365 2521 μήτε
387 2439 603 2520 ψευσαίμην;)
625 2439 701 2500 λίαν
721 2429 892 2516 ὀλίγωροι,
914 2430 995 2497 οῦτε>
1012 2427 1091 2510 τοῦς
1111 2429 1233 2511 ἄλλους

284 2531 370 2602 οὔθ’
381 2531 466 2620 ὑμᾶς
477 2530 600 2610 αὐτοῦς
612 2529 827 2616 αἰσχύνεσθε,
849 2526 903 2613 ἐφ’
917 2524 966 2607 οἷς
973 2525 1232 2615 Ἀριστογείτονα

240 2651 276 2706 38
285 2632 450 2721 ἀφήκατε,
469 2633 521 2700 ἐπὶ
532 2630 661 2709 τοῦτοις
669 2630 895 2716 Δημοσθένην
906 2626 1155 2714 ἐκβεβληκότες,
1176 2631 1232 2697 καὶ

285 2726 307 2800 ά
327 2747 395 2811 τοῖς
416 2738 558 2817 τολμῦσι
579 2729 682 2816 μηδὲν
702 2725 798 2815 ῦμῦν
820 2731 1006 2814 φροντίζειν
1025 2725 1068 2813 μη
1091 2734 1231 2814 λαβοῦσι

286 2828 364 2916 παρ’
386 2828 482 2916 ῦμῦν
494 2832 619 2909 ἐξεστιν
630 2835 732 2915 ἔχειν,
753 2824 848 2894 ταῦτ’
860 2823 902 2894 οῦ
913 2825 1060 2905 διδόντες
1070 2829 1152 2913 ἐμοὶ,
1163 2831 1229 2914 ἵνα,
1240 2843 1308 2898 1484

286 2923 329 2994 άυ
340 2926 408 3006 οἰός
417 2954 452 2996 τε
464 2922 491 2996 ά
497 2979 507 3012 ,
529 2928 570 2995 τά
580 2953 615 2994 τε
626 2924 825 3012 ὀφειλόμενα
836 2925 1010 3013 εἰσπράξας
1020 2926 1163 3006 καὶτοὺς
1173 2933 1231 3013 φί-

286 3033 365 3104 λους
382 3028 535 3110 ἐρανίσας
551 3024 591 3092 τὰ
609 3021 692 3111 πρὸς
707 3021 793 3111 ῦμάς
809 3025 981 3111 διοικησω,
1003 3027 1058 3094 καὶ
1074 3024 1118 3112 μὴ
1129 3033 1233 3113 γῆρας

286 3126 340 3192 καί
369 3122 482 3210 φυγὴν
502 3122 652 3210 ’ἐπίχειρα
671 3131 746 3192 «τῶν
770 3122 856 3213 ὑπὲρ
877 3122 973 3210 ῦμιῦν
993 3129 1232 3211 πεπονημένων
1267 3168 1268 3171 ¹

284 3228 386 3309 ἔχων,
403 3220 520 3290 κοιυόν
530 3221 657 3303 ὄνειδος
667 3231 734 3291 τῦυ
745 3221 993 3310 ἀδικησάντων,
1005 3225 1058 3292 ἐπὶ
1068 3227 1161 3312 ξένης
1170 3249 1230 3293 πε-

240 3346 274 3402 39
285 3319 381 3409 ριιων
399 3318 536 3408 ὁρῦμαι.
569 3326 775 3410 βουλομένου
793 3325 832 3391 δέ
846 3348 912 3408 μου
933 3326 970 3390 ἐν
989 3324 1051 3408 μὲν
1071 3321 1231 3412 ῦμετέρας

283 3422 416 3507 χάριτος
433 3421 489 3487 καλ
506 3428 746 3507 μεγαλοψυχίας
760 3420 849 3499 τάξει
858 3419 920 3507 τὴν
930 3424 1044 3515 οίκαδέ
1051 3431 1107 3509 μὀι
1117 3422 1231 3512 άφιξιν

285 3525 457 3604 γενέσθαι,
479 3521 609 3609 ἐμαυτῷ
625 3521 660 3588 δὲ
679 3519 777 3588 λάσιν
793 3527 850 3606 τῆς
859 3526 1033 3606 γεγονυίας
1042 3521 1085 3590 ου’
1097 3527 1230 3601 δικαίως

284 3623 492 3705 βλασφημίας
506 3626 724 3704 πορίσασθαι,
748 3620 803 3688 καὶ
820 3619 1104 3706 μόνοναίτοῦντος
1114 3621 1230 3691 άδειαν

284 3715 429 3802 ὅσονπερ
445 3717 567 3805 χρόνον
584 3716 646 3806 την
663 3724 784 3787 ἐκτισιν
796 3718 976 3808 δεδάκατε,
998 3729 1101 3790 ταῦτα
1114 3723 1175 3808 μέν
1186 3719 1229 3789 οὐ
