3159 4409
407 489 411 504 “
499 515 811 583 Προοιιιικ.
846 525 972 612 ιτιιιι.
1145 506 1209 587 ιιι

339 769 400 844 Ἦν
416 778 477 862 μὲν
494 780 638 861 δίκαιον,
660 766 688 843 ιλ
705 775 827 862 άνδρες
840 773 1025 867 Ἀθηναῖοι,
1048 778 1109 866 την
1133 791 1209 870 ἴσην

213 916 221 927 ι
260 874 422 962 ύπάρχειν
438 871 518 959 παρ’
535 871 631 960 ύμωυ
650 872 755 960 ὀργὴν
771 889 839 954 τοῖς
859 875 1084 960 ἐπιχειροῦσιν
1108 876 1210 964 ὅσην-

259 999 322 1060 περ
334 974 824 1059 τοῖςδυνηθείσινέξαπατῆσαι.
845 971 936 1063 δμδν
944 975 1009 1059 γάρ
1018 968 1122 1061 ἧνέπὶ
1130 976 1210 1045 τού-

259 1100 336 1157 τοις,
348 1075 537 1156 πεποίηται,
549 1075 604 1138 καῖ
615 1071 807 1158 προήγαγον
818 1069 920 1159 ὑμᾶς·
943 1082 1005 1142 τοῦ
1016 1077 1051 1143 δὲ
1061 1073 1106 1162 μη“
1117 1079 1210 1156 τέλος

259 1180 362 1263 ταῦτα
373 1174 459 1254 ἔχειν
469 1165 489 1255 ἡ
501 1166 599 1254 τύχη,
610 1166 712 1237 καὶτὸ
722 1172 854 1256 βέλτιον
865 1179 930 1238 νῦν
941 1169 1027 1258 ὑμᾶς
1037 1171 1209 1260 φρουεῖνῆ

254 1267 309 1339 ,ὅτ’
322 1267 480 1354 έξήχθητε
492 1262 557 1333 ὑπὸ
569 1267 714 1352 τούτων,
724 1273 862 1354 γέγονεν
873 1275 968 1338 αἰτία.
1000 1268 1044 1338 ου’
1055 1270 1122 1358 μὴν
1132 1270 1205 1340 ἀλλ’

259 1367 357 1453 ἔγωγ’
376 1365 464 1435 οὕτω
482 1364 598 1450 πόρρω
615 1373 735 1451 νομίζω
752 1363 815 1452 τὴν
830 1367 930 1435 πόλιν
947 1369 1102 1438 εἷναιτοῦ
1113 1374 1210 1456 δίκην

257 1464 347 1552 παρά
365 1473 433 1533 τοῖν
450 1463 660 1533 ἀδικούντων
676 1463 859 1551 λαμβάνειν
876 1464 956 1534 ὥστ’
975 1464 1145 1554 ἀγαπητὸν
1162 1467 1210 1536 εί-

258 1571 317 1634 ναί
331 1591 387 1650 μοι
405 1569 511 1649 δοκεῖ,
532 1560 575 1632 άυ
593 1562 683 1641 ὅπως
700 1560 744 1648 μὴ
763 1569 919 1632 πείσεσθε
936 1573 1044 1644 κακῶς
1060 1566 1209 1651 δύνησθε

259 1662 501 1748 φυλάττεσθαι·
523 1668 680 1728 τοσαύται
696 1663 808 1745 τέχναι
821 1665 876 1730 καῖ
891 1678 1036 1750 γοητεῖαι
1053 1668 1108 1732 καί
1124 1663 1209 1745 ὅλως

259 1758 436 1846 ὑπηρεσίαι
453 1762 538 1837 τινές
552 1766 638 1828 εἰσιν
647 1758 700 1845 ἐφ’
715 1756 801 1846 ύμοῖς
811 1766 1118 1850 κατεσκευασμέναι
1150 1773 1208 1850 τῆς

259 1861 320 1945 μὲν
332 1851 396 1927 οὖν
405 1857 534 1926 τούτων
543 1863 661 1937 κακίας
671 1855 734 1926 οὐκ
744 1854 788 1926 άν
799 1862 837 1929 ἐν
845 1868 893 1950 τῷ
903 1861 1043 1947 παρόντι
1050 1888 1098 1941 τις
1106 1867 1143 1931 ἐν
1151 1867 1208 1932 δέ·

258 1983 330 2026 οντι
340 1956 481 2044 μάλιστα
491 1956 739 2044 κατηγορήσειε·
757 1957 922 2047 βούλομαι
933 1958 965 2028 δ’
976 1957 1060 2045 ὑπὲρ
1072 1953 1209 2029 άνάνέ-

258 2077 356 2144 στην,
370 2054 392 2126 ά
404 2063 523 2145 νομιΐω
535 2054 752 2145 συμφέροντ’,
764 2063 877 2128 εἰπεῖν.

696 2163 767 2224 ΝΓ.

340 2252 380 2321 Ἡ
392 2258 452 2340 μὲν
469 2261 610 2323 εἰωθυῖα
630 2255 738 2321 πάντα
758 2252 819 2321 τόν
839 2254 962 2338 χρόνον
984 2254 1158 2340 βλάπτειν,
1182 2247 1209 2323 ό

200 2371 202 2378 ·
260 2350 380 2438 άνδρες
389 2351 576 2436 Ἀθηναῖοι,
599 2349 663 2435 τὴν
681 2348 779 2419 πόλιν
795 2355 943 2431 λοιδορία
954 2354 1009 2416 καὶ
1019 2351 1143 2435 ταραχὴ
1154 2356 1209 2417 καῖ

259 2451 336 2518 νυνὶ
353 2454 470 2536 γέγονε
480 2446 569 2535 παρά
580 2455 648 2517 τοδν
658 2444 771 2515 αὐτῶν
781 2439 893 2533 όνπερ
903 2445 962 2514 άεί.
996 2446 1089 2526 άξιον
1103 2444 1133 2515 δ’
1149 2444 1209 2532 οὐχ

258 2546 347 2618 οὕτω
364 2546 493 2625 τούτοις
511 2549 697 2632 ἐπιτιμῆσαι
714 2554 808 2626 (ἴσως
823 2543 889 2631 γάρ
900 2543 1049 2633 όργηιιαῖ
1060 2554 1209 2631 φιλονει-

258 2653 314 2736 κίᾳ
336 2653 439 2717 ταῦτα
455 2644 652 2731 πράττουσι,
674 2646 729 2713 καῖ
746 2645 783 2712 τό
795 2648 950 2731 μέγιστον
961 2643 1132 2732 ἁπάντων,
1155 2643 1207 2713 ὅτι

258 2751 420 2833 συμφέρει
436 2751 539 2813 ταῦτα
555 2757 663 2813 ποιεῖν
673 2742 797 2832 αύτοίς)
808 2742 880 2812 ἀλλ’
894 2742 990 2831 ύμῖν,
1013 2750 1043 2812 εἴ
1051 2745 1126 2831 περὶ
1136 2769 1208 2811 κοι-

258 2851 344 2927 νῶν,
367 2839 529 2930 ύάνδρες
544 2841 728 2929 Ἀθηναῖοι,
755 2842 961 2931 πραγμάτων
978 2845 1033 2912 καὶ
1054 2842 1207 2929 μεγάλων
1217 2872 1284 2927 1459

260 2947 506 3030 συνειλεγμένοι
521 2943 580 3022 τάς
595 2948 678 3021 ίδίας
693 2947 857 3028 λοιδορίαις
875 2941 1082 3028 άτιροάμενοι
1098 2939 1208 3025 πάθη·

260 3048 339 3126 σθε,
362 3044 416 3108 καῖ
434 3041 476 3109 ού
494 3041 644 3110 δύνασθε
662 3037 744 3125 πρός
759 3038 847 3127 ύμάς
868 3037 990 3118 αύτούς
1009 3045 1209 3124 λογίσασθαι

258 3138 371 3224 τοῦθ’,
395 3138 446 3208 ὅτι
472 3145 508 3209 αί
525 3148 594 3209 τῶν
615 3139 765 3227 ῥητόρων
786 3138 946 3208 όιτιάντωδ
966 3137 1049 3206 άυευ
1070 3145 1209 3220 κρίσεως

260 3237 343 3324 πρὸς
354 3237 518 3326 ἀλλήλους
528 3242 697 3328 λοιδορίαι,
708 3232 757 3308 τόν
766 3235 810 3307 άν
819 3237 981 3324 ἀλλήλους
990 3242 1207 3323 ἐξελέγξωσιν,

259 3334 345 3422 ὑμᾶς
355 3335 420 3429 τάς
437 3335 585 3417 εὐθύνας
596 3339 725 3411 διδόναι
735 3344 877 3408 ποιοῦσι.
911 3337 999 3423 πλὴν
1009 3335 1073 3422 γάρ
1086 3334 1207 3421 ὀλίγων

259 3444 347 3520 ἴσως,
355 3439 410 3503 ἵνα
421 3435 464 3522 μή
477 3435 602 3515 πάντας
612 3447 703 3523 εἴπω,
710 3435 819 3515 ούδεῖς
829 3433 941 3504 αὐτῶν
951 3434 1067 3521 άτερος
1075 3437 1206 3524 θωτέρω

261 3537 473 3619 λοιδορεῖται,
495 3537 551 3602 ἵνα
572 3531 703 3623 βέλτιόν
722 3561 753 3604 τι
770 3543 839 3602 τοῖν
855 3532 1024 3621 ὑμετέρων
1039 3543 1206 3620 γίγνηται·

258 3639 385 3699 πολλοῦ
395 3656 434 3715 γε
444 3636 499 3701 καὶ
510 3639 573 3702 δελ·
587 3633 661 3704 ἀλλ’
674 3640 740 3720 ἵνα,
752 3631 843 3720 άτόν
854 3634 946 3701 δεῖνά
957 3654 1037 3720 φησι
1047 3640 1207 3702 ποιούντα

257 3726 302 3798 άν
319 3733 375 3816 δέη
391 3731 547 3801 δεινότατ’
562 3731 754 3820 ἀνθρώπων
765 3745 889 3819 ποιεῖν,
910 3729 1002 3799 ταῦτ’
1017 3729 1117 3809 αὐτὸς
1126 3726 1206 3815 μετά
