3159 4409
325 487 389 553 εεο
539 489 606 547 πο.
629 486 1068 565 [Λαωοεοααονε]

326 656 360 717 τί
373 646 441 716 ποτ’
460 644 503 717 άν
519 655 626 735 ψυχῆς
641 646 845 735 μετασχόντα
863 608 998 735 φανείη,
1027 655 1090 717 σού
1107 651 1143 718 δὲ
1160 647 1198 717 τὸ
1220 657 1278 736 τῆς

325 748 459 834 γνύμης
470 740 556 834 ἦθος
573 751 610 815 ἐν
626 754 729 814 πάσιν
745 741 794 824 οἷς
806 760 910 825 ποιεῖς
919 747 1066 834 μεγάλην
1076 745 1276 833 εύπρέπειαν

325 846 501 926 ἐπαυξάνει
509 855 557 937 τρδ
569 847 704 932 σάματι.
735 848 810 929 περὶ
820 844 882 931 μὲν
893 837 957 912 οὖν
966 852 1028 912 τού
1039 845 1184 924 κάλλους
1194 854 1276 914 πολ-

324 944 365 1013 λά
379 946 585 1031 παραλιπών,
595 953 740 1013 τοσαῦτα
751 946 921 1012 ἐπαινέσαι
931 950 1003 1030 ἔχω.

283 1080 314 1135 17
379 1076 382 1081 ·
408 1047 491 1129 Περὶ
517 1044 553 1111 δὲ
579 1051 637 1129 της
667 1043 887 1130 σωφροσύνης
908 1043 1085 1112 κάλλιστον
1106 1045 1170 1129 μὲν
1188 1039 1274 1112 τοῦτ’

324 1140 421 1229 ἔχοιμ’
433 1142 476 1210 δυ
489 1147 603 1227 είπείν,
615 1141 666 1210 ὁτι
676 1148 733 1229 τῆς
744 1139 870 1229 ἡλικίας
882 1149 940 1229 τῆς
949 1142 1103 1229 τοιαύτης
1115 1140 1277 1230 -εύδιαβό-

324 1249 389 1321 λως
400 1241 538 1328 ἐχούσης
548 1244 601 1310 σοί
612 1248 739 1328 μᾶλλον
755 1244 963 1310 ἐπαινεῖσθαι
980 1244 1199 1328 συμβέβηκεν.
1233 1238 1277 1310 ού-

322 1341 387 1427 γάρ
397 1340 503 1426 μόνον
524 1338 623 1407 οὐδὲν
633 1339 879 1427 ἐξαμαρτάνεις,
900 1338 1048 1409 άλλάκαδ
1066 1340 1274 1426 φρονιμώτε-

324 1435 417 1526 ροντ’]Ι
428 1438 510 1507 κατά
521 1439 583 1526 την
594 1437 686 1526 ὤραν
697 1445 756 1526 ζῆν
766 1439 959 1528 προῄρησαι.
982 1441 1037 1507 καί
1047 1438 1170 1506 τούτου
1181 1443 1273 1526 μέγι-

324 1558 403 1607 στον
412 1541 591 1627 τεκμήριον
605 1537 627 1627 ἡ
639 1539 722 1624 πρὸς
733 1538 817 1620 τούς
827 1538 1032 1627 ἀνθρώπους
1042 1535 1167 1624 ὁμιλία·
1191 1546 1272 1606 πολ-

322 1645 392 1706 λάν
408 1638 473 1724 γάρ
489 1639 759 1725 ἐντυγχανόντων
776 1660 829 1707 σοι
850 1642 906 1708 καί
922 1637 1134 1716 παντοδαπὰς
1155 1639 1272 1724 φύσεις

322 1738 481 1824 ἐχόντων,
504 1743 550 1805 ἔτι
567 1739 603 1807 δέ
620 1741 880 1825 προσαγομένων
889 1735 1046 1805 ἁπάντων
1056 1738 1109 1804 ἐπί
1124 1736 1184 1815 τάς
1195 1739 1273 1804 ἑαν-

276 1828 390 1914 1Ῑςτοῐυ
400 1844 596 1922 συνηθείας,
619 1837 707 1905 οὕτω
724 1845 834 1917 καλῶς
849 1842 1009 1924 προέστης
1024 1845 1093 1904 τοῖν
1109 1836 1271 1904 τοιούτων

324 1932 407 2002 ὥστε
420 1936 547 2013 πάντας
556 1935 618 2022 τὴν
629 1934 712 2021 πρὸς
723 1937 759 2004 σὲ
770 1942 884 2022 φιλίαν
899 1935 1108 2022 ἠγαπηκότας
1123 1940 1219 2020 ἔχειν.
1248 1930 1271 2001 ὁ

322 2048 459 2120 σημεῖον
475 2041 543 2101 τοῖν
562 2035 703 2115 ἐνδόξως
722 2036 777 2102 καί
801 2035 1048 2119 φιλανθρώπως
1069 2040 1128 2119 ζῆν
1150 2057 1270 2118 προαι·

322 2135 496 2218 ρουμέυων
506 2135 603 2201 ἐστίν.
624 2140 731 2201 καίτοι
740 2131 1060 2220 τινέςηυδοκιμησαν
1074 2131 1139 2252 ηδη
1156 2139 1269 2200 τῶντε

321 2229 680 2318 συμβουλευσάντων*
659 2259 702 2311 ως
722 2230 764 2300 ού
780 2257 841 2352 χρη
859 2230 917 2310 τάς
933 2258 1001 2299 των
1011 2231 1181 2316 τυχόντων
1197 2226 1270 2315 ὁμι-
1326 2262 1328 2267 ·

320 2339 391 2409 λίας
409 2335 665 2418 προσδέχεσθαι,
696 2333 753 2400 καί
773 2337 842 2398 τῶν
858 2334 1064 2398 πεισθέντων
1079 2328 1225 2407 τούτοις·
1246 2354 1267 2414 η

319 2429 384 2518 γάρ
398 2429 480 2516 πρὸς
490 2432 587 2517 χάριν
598 2431 786 2550 ὁμιλοῦντα
789 2444 857 2508 τοῖς
870 2430 1012 2515 φαύλοις
1027 2427 1212 2513 ἀναγκαίαν
1223 2426 1269 2496 εί-

320 2557 375 2598 υαι
389 2531 626 2617 διαβάλλεσθαι
636 2527 726 2613 παρὰ
740 2542 808 2607 τοίς
824 2537 975 2610 πολλοῖς,
995 2555 1017 2612 η
1004 2522 1269 2612 διευλαβούμε-

318 2655 380 2696 νον
395 2628 452 2707 τὰς
468 2626 622 2707 τοιαύτας
634 2628 819 2714 ἐπιπλήξεις
834 2625 889 2693 ὁπ’
901 2625 1013 2694 αύτοὸν
1029 2632 1097 2692 τῶν
1108 2629 1269 2712 ἐντυγχα-

276 2747 309 2802 19
318 2727 447 2796 υόντων
459 2732 734 2812 δυσχεραίνεσθαι
744 2725 952 2811 συμπίπτειν.
977 2722 1040 2809 ἐγώ
1054 2725 1090 2790 δὲ
1102 2723 1157 2790 διά
1169 2730 1267 2793 τοῦτο

316 2830 371 2895 καί
388 2835 514 2912 μάλλον
530 2824 622 2912 οἶμαί
630 2844 667 2892 σε
684 2830 755 2892 δεῖν
764 2824 993 2910 ἐγκωμιάζειν,
1015 2821 1066 2889 ὁτι
1076 2829 1146 2888 τῶν
1156 2820 1268 2891 άλλων

315 2926 472 2992 ἐντατῶν
484 2922 660 2992 ἀδυνάτων
674 2928 836 3010 οίομένων
846 2923 929 2992 εἶναι
939 2921 976 2990 τὸ
990 2936 1057 3001 τοῖς
1066 2921 1180 2989 ἄλλων
1189 2923 1269 3008 τρύ-

315 3048 387 3103 ποις
409 3022 561 3108 άρέσκειν
590 3022 634 3091 σύ
654 3032 795 3091 τοσούτο
822 3024 952 3092 τούτων
980 3024 1155 3109 διήνεγκας
1185 3021 1267 3101 ὥστε
1277 3039 1325 3098 1407

313 3129 544 3208 τῶνχαλεπῶν
559 3125 615 3191 καί
625 3124 801 3191 δυσκόλων
810 3121 968 3191 ἁπάντων
978 3126 1267 3209 περιγεγενῆσθαι,

313 3231 375 3306 τού
390 3225 452 3307 μὲν
468 3222 770 3310 συνεξαμαρτάνειν
785 3224 873 3291 τισίν
889 3219 962 3290 οὐδ’
983 3220 1132 3301 ὑποψίαν
1148 3222 1267 3300 ἐνδούς

313 3333 380 3397 τοῖς
397 3320 524 3406 άλλοις,
547 3329 605 3409 τῆς
620 3322 657 3391 δέ
673 3323 757 3406 πρὸς
780 3320 904 3401 αύτούς
925 3326 1114 3407 δυσχερείας
1133 3329 1177 3408 τῇ
1197 3328 1266 3388 τῶν

268 3439 303 3491 20
313 3416 445 3503 τρόπων
456 3421 656 3511 εὐαρμοστίᾳ
667 3422 841 3510 κρατήσας.
873 3421 956 3506 πρὸς
971 3433 1087 3490 τοίνυν
1097 3421 1178 3502 τούς
1187 3427 1265 3508 ἐρα-

312 3513 407 3602 We,
430 3522 461 3583 εί
468 3519 528 3605 χρὴ
545 3522 600 3589 καί
619 3522 964 3607 περίτούτωνείπεϊν,
986 3520 1195 3602 ούτωκαλάς
1207 3547 1264 3608 μοι

310 3620 417 3694 δοκεῖς
427 3618 482 3682 καί
494 3621 677 3707 σωφρόνως
689 3619 826 3707 ὁμιλεῖν,
840 3620 923 3689 ὥστε
933 3629 1001 3689 τῶν
1012 3628 1175 3689 πλείστων
1186 3617 1261 3688 οὐδ’

309 3708 349 3780 δν
366 3708 408 3781 άν
425 3717 628 3800 προέλωνται
645 3731 783 3805 μετρίως
805 3724 949 3806 ἐνεγκεῖν
973 3723 1186 3808 δυναμένων,
1209 3720 1263 3787 σολ
