3159 4409
315 475 377 542 112
486 457 592 551 μοι.
635 475 1088 553 [ΔΗΜοΣοσΝουΣ]

315 664 388 725 κηυ.
421 632 464 717 ὡς
482 639 517 706 δὲ
528 635 625 705 ταῦτ”
638 636 749 722 ἀληθῆ
761 636 863 721 λε’γσι,
883 633 1266 725 τούτωνύμλνάναγνά-

316 758 406 806 σεται
415 734 474 815 τάς
484 743 674 824 μαρτυρίας.

367 854 408 922 J
659 837 918 901 ΜΑΡυυΡιΑΙ.
1229 913 1231 916 ,
1273 857 1310 910 ιη

270 952 305 1005 52
393 930 429 1000 ‘0
439 931 656 1019 δὲΘεόφημος
667 929 741 1010 ἀντὶ
750 939 812 998 τοῦ
821 928 883 1017 τὴν
893 936 1074 1019 καταδίκην
1083 929 1266 1022 ἀπολαβεῖν

314 1029 547 1117 ἀκολουθήσας
563 1034 615 1099 ἐπί
631 1031 693 1118 τήν
708 1029 888 1117 τράπεζαν,
908 1031 1020 1099 ἐλθόν
1037 1057 1103 1122 μου
1120 1029 1161 1101 τά
1180 1034 1265 1126 πρό-

312 1137 397 1218 βατα
412 1128 573 1216 λαμβάνει
590 1128 832 1216 ποιμαινόμενα
849 1123 1053 1215 πεντήκοντα
1066 1127 1199 1215 μαλακά
1210 1133 1266 1202 καὶ

313 1227 372 1296 τὸν
391 1231 530 1314 ποιμένα
551 1224 620 1314 μετ’
644 1227 756 1295 αύτοίυ
778 1228 834 1295 καὶ
850 1227 958 1295 πάντα
977 1225 1017 1296 τά
1034 1224 1209 1297 ἀκόλουθα
1224 1239 1265 1319 τῇ

312 1333 451 1415 ποίμνη,
464 1330 574 1393 ἔπειτα
584 1330 685 1394 παῖδα
697 1325 856 1394 διάκονον
867 1323 987 1413 ύδρίαν
996 1334 1123 1414 χαλκῆν
1133 1325 1264 1415 ἀποφέ-

312 1452 413 1510 ροντα
429 1422 606 1508 ἀλλοτρίαν
616 1425 799 1514 ᾐτημένην,
822 1426 948 1493 πόλλού
959 1423 1061 1506 ἀξίαν.
1094 1431 1264 1496 καὶταῦτα

269 1537 304 1592 53
311 1531 443 1613 ἔχουσιν
460 1521 522 1592 ούκ
539 1523 714 1611 ἐξήρκεσεν
724 1521 850 1602 αὐτοῖς·
872 1522 948 1592 ἀλλ’
959 1525 1209 1605 ἐπεισελθόντες
1219 1532 1264 1607 είς

311 1624 348 1692 τό
359 1631 480 1710 χωρίον
497 1630 646 1715 (γεωργοῦ
664 1623 700 1691 δὲ
716 1620 799 1714 πρὸς
817 1630 864 1713 τῷ
881 1622 1093 1712 ἱπποδρόμῳ,
1106 1625 1264 1694 ’καίοίκεό

311 1720 450 1790 ἐνταῦθ’
472 1724 508 1790 ἐκ
524 1729 714 1807 μειρακίον)
735 1730 871 1808 πρῶτον
892 1723 954 1809 μὲν
975 1725 1027 1791 ἐπὶ
1042 1722 1120 1802 τούς
1136 1727 1264 1804 οἰκέτας

311 1815 404 1910 ᾖξαν,
416 1817 461 1900 ὥς
470 1820 505 1889 δὲ
514 1812 607 1888 ούτοι
617 1821 858 1906 διαφεύγουσιν
869 1819 992 1900 αὐτούς
1002 1825 1057 1889 καὶ
1069 1820 1168 1900 ἀλλος
1178 1811 1262 1911 ἀλλη

313 1916 548 2005 ἀπεχιόρησαν,
570 1920 726 1999 ἐλθόντες
743 1918 826 2002 πρός
841 1917 903 2006 τήν
920 1925 1034 1987 οίκίαν·
1045 1923 1099 1988 καί
1115 1929 1262 2010 καταβα-

205 2052 209 2068 =
312 2016 425 2097 λόυτες
441 2016 503 2104 τήν
519 2017 632 2104 θύραν
648 2015 710 2104 τήν
722 2023 767 2097 είς
776 2015 837 2085 τόν
850 2025 958 2102 κῆπον
972 2010 1263 2106 φέρουσανἘῦερ-

237 2136 242 2145 ‘
312 2116 370 2201 γός
381 2141 415 2183 τε
426 2113 539 2184 ούτοσὶ
551 2112 567 2183 0‘
581 2114 726 2200 ἀδελφός
736 2112 754 2183 ὁ
766 2119 946 2203 Θεοφήμου
956 2119 1011 2186 καὶ
1022 2125 1262 2207 Μνησίβουλος

274 2254 275 2257 ¹
313 2210 331 2282 ὁ
347 2215 506 2307 κηδεστής
521 2213 642 2300 αύτού,
665 2211 713 2293 οἷς
729 2212 888 2302 οὐδεμίαν
898 2221 993 2304 δίκην
1005 2214 1173 2305 ὠφλήκειν
1185 2214 1263 2287 οὐδὲ

313 2320 480 2400 προσῆκεν
493 2311 616 2393 αύτούς
626 2312 791 2382 ἀπτεσθαι
801 2322 869 2382 τῶν
880 2319 968 2401 ἐμῦν
980 2314 1135 2402 οὐδενός,
1158 2319 1264 2386 είσελ-

312 2413 432 2507 θόντες
453 2414 505 2481 ἐπὶ
524 2410 586 2499 τήν
605 2414 747 2498 γυναῑκό
763 2441 830 2501 μου
846 2417 901 2482 καὶ
917 2413 956 2482 τά
974 2420 1088 2483 παιδία
1104 2415 1264 2503 ἐξεφορή-

263 2536 265 2540 ’
313 2532 412 2581 σαντο
438 2511 500 2581 ὅσα
523 2519 570 2581 ἔτι
591 2510 760 2582 ύπόλοιπά
780 2540 838 2600 μοι
858 2506 901 2600 ήν
923 2514 1025 2600 σκεύη
1047 2516 1084 2583 ἐν
1103 2521 1145 2602 τῇ
1165 2520 1261 2604 οίκίρι.

268 2632 304 2686 54
313 2609 417 2701 ρ’όοντο
428 2613 489 2696 μὲν
502 2610 566 2697 γάρ
578 2610 619 2680 ού
630 2621 773 2679 τοσαῦτα
782 2614 889 2698 μόνον
898 2613 1074 2700 λήψεσθαι,
1087 2612 1170 2682 ἀλλά
1180 2621 1263 2682 πολ·

311 2717 357 2800 λῷ
374 2715 475 2777 πλείω
492 2709 554 2796 τήν
571 2711 746 2798 παροῦσάν
763 2737 820 2796 μοι
836 2709 908 2780 τότε
924 2709 1202 2799 κατασκευήντής
1212 2718 1264 2781 οί-

311 2817 383 2887 κίας
392 2808 655 2893 καταλήψεσθαι·
667 2806 734 2876 ἀλλ’
748 2806 815 2877 ὑπὸ
825 2818 893 2878 τῶν
901 2816 1116 2897 λειτουργιῶν
1127 2812 1184 2880 καὶ
1193 2817 1262 2879 τῶν

312 2915 479 2994 εἰσφορῶν
495 2909 551 2975 καί
561 2914 619 2993 τής
630 2907 713 2994 πρός
723 2904 810 2993 ὑμᾶς
822 2914 1007 2996 φιλοτιμίας
1017 2908 1057 2977 τά
1075 2909 1136 2995 μὲν
1146 2911 1262 2995 ἐνέχυ-

311 3033 353 3091 ρα
365 3022 468 3076 κεῖται
480 3003 600 3092 αῦτῦν,
608 3007 648 3074 τό
664 3010 699 3075 δὲ
710 3009 879 3094 πέπραται.
897 3007 959 3077 ὅσα
973 2999 1051 3095 δήν
1063 3011 1110 3075 ἔτι
1122 3004 1263 3076 ὑπόλοι-

268 3126 302 3177 55
311 3129 366 3191 πα,
379 3107 485 3174 πάντα
496 3105 653 3193 λαβόντες
663 3104 796 3196 ρ’όχοντο.
819 3104 902 3193 πρὸς
912 3106 946 3174 δὲ
955 3107 1093 3191 τούτοις,
1104 3097 1131 3172 ἀ
1142 3104 1262 3190 ἀνδρες

313 3207 477 3290 δικασταί,
500 3209 613 3291 ἔτυχεν
629 3202 755 3293 ήγυυή
773 3231 840 3291 μου
857 3202 937 3290 μετά
956 3212 1024 3273 τῶν
1034 3209 1175 3272 παιδίων
1186 3203 1262 3290 ἀρι-

313 3308 422 3368 στῦσα
432 3306 468 3369 ἐν
476 3312 517 3392 τῇ
525 3300 683 3392 αύλή,καὶ
694 3302 759 3391 μετ’
772 3301 874 3389 αύτής
883 3305 980 3390 τιτθή
991 3330 1039 3383 τις
1049 3302 1108 3391 ἐμή
1120 3307 1261 3391 γενομέ-

311 3425 353 3484 νη
365 3405 587 3489 πρεσβντίρα,
601 3401 782 3487 ἀνθραπος
793 3399 912 3480 εύνονς
922 3403 977 3470 καί
987 3401 1084 3489 πιστή
1096 3405 1151 3471 καὶ
1161 3399 1261 3489 ἀφει-

312 3501 394 3585 μένη
406 3496 565 3585 ἐλευθέρα
577 3499 641 3570 ὑπὸ
654 3506 717 3571 τοῦ
725 3498 915 3588 πατρόςτοῦ
923 3505 1014 3588 ἐμοῦ.
1038 3500 1213 3593 συνῴκησε
1224 3502 1261 3570 δὲ
1270 3513 1310 3568 115

313 3595 427 3683 ἀνδρὶ,
450 3599 557 3685 ἐπειδή
569 3597 693 3687 ἀφείθη
706 3599 881 3686 ἐλευθέρα·
901 3595 947 3678 ὡς
958 3600 992 3668 δὲ
1003 3592 1101 3679 οὗτος
1112 3597 1260 3668 ἀπέθανε
1288 3688 1292 3695 Α

312 3700 368 3767 καὶ
378 3694 461 3784 αὐτή
473 3705 577 3784 γραῦς
586 3693 630 3786 ἦν
640 3703 694 3768 καί
706 3690 823 3786 ούκήν
837 3695 942 3784 αύτήν
953 3694 971 3766 ὁ
982 3699 1140 3784 θρέψων,
1158 3701 1262 3795 ἐπαν-
