3159 4409
526 455 674 541 “111202
701 477 1000 559 ,ταινιοοιιοικι
1181 477 1243 543 151

289 669 348 730 μοι
359 642 481 710 τοῦτον
493 640 545 710 ὅτι
553 641 729 725 ’ἐλεύθερος
739 647 807 724 εἰη,
828 645 887 724 τῆς
897 637 958 724 μὲν
967 639 1157 726 ἐξαιτήσεως
1167 644 1243 710 έπέ-
1276 659 1280 675 “

290 762 388 828 σχον,
399 745 584 828 μαρτυρίαν
595 734 627 804 δ’
640 734 792 822 αῦτδυήξ
776 740 869 816 ξίουν
878 737 1080 822 ἐμβαλέσθαι
1089 746 1150 806 τοῦ
1158 745 1243 809 Αἰσ-

246 857 282 913 56
289 845 347 924 χρ
347 865 432 917 ωυος
450 835 495 917 ὡς
510 833 724 919 ἐλευθέρου”
704 861 809 914 ουτος.
843 830 964 902 ὁδὲ”
920 859 998 901 ουτε
1009 831 1055 914 ως
1063 837 1242 925 ἐλευθέρου
1251 841 1319 896 12⁰1

290 937 389 1017 ὄντος
403 964 464 1005 του
451 940 677 1021 Αἰσχρίωνος
693 935 1084 1021 μαρτυρίανπαρέσχετο,
1107 932 1221 1001 οῦθ”
1200 963 1243 1017 ως

290 1034 467 1104 δοῦλον
431 1061 492 1103 του
502 1025 692 1118 Αἰσχρίωνα
711 1027 882 1114 παραδοδς
898 1033 935 1098 ἐκ
951 1039 1014 1099 τοῦ
1023 1031 1174 1120 σώματος
1184 1032 1244 1103 τὸν

289 1139 425 1220 ἔλεγχον
436 1131 531 1220 ηξίου
540 1133 716 1218 γενεσθαι,
734 1129 959 1250 φοβούμενος,
977 1129 1107 1218 έάνμὲυ
1117 1159 1245 1219 μαρτυ-

291 1237 368 1318 ρίαν
378 1231 582 1319 παράσχηται
593 1227 638 1309 οἱς
647 1227 862 1316 ἐλευθέρου”
842 1256 937 1310 οντος
943 1281 953 1315 ,
964 1258 1008 1318 μη
999 1230 1245 1319 ἐπισκηψάμε-

290 1356 349 1410 νος
366 1328 429 1415 έγοδ
448 1327 540 1420 αὐτῷ
555 1336 624 1396 τῦν
640 1332 940 1413 ψευδομαρτυριῶν
956 1330 1017 1413 καί,
1027 1332 1191 1415 ἐξελέγξας
1205 1330 1245 1399 τά

288 1432 399 1515 ψευδῆ
415 1427 689 1516 μεμαρτυρηκότα
704 1425 765 1494 τδν
781 1433 971 1513 Αἰσχρίωνα
989 1430 1043 1498 ἐπὶ
1062 1428 1245 1497 τόνδετων

288 1532 512 1612 κακοτεχνιῶν
525 1531 656 1609 ἔλθοιμι
665 1521 749 1592 κατά
761 1521 821 1592 τδν
831 1524 954 1611 νόμον,
966 1532 997 1594 εί
1006 1526 1038 1594 δῖ
1050 1520 1095 1595 αῦ
1104 1535 1245 1615 βασανί-

289 1632 358 1705 ζειν
376 1628 555 1710 παραδοίη,
577 1621 623 1709 μη
640 1620 699 1702 τάς
711 1619 1240 1714 άληθείαςκατείποιὸΑίσχρίων.

244 1741 281 1796 57
290 1730 399 1793 καίτοι
414 1720 521 1806 καλὸν
535 1714 580 1809 ἦν
598 1719 705 1811 αὐτῷ,
729 1728 760 1791 εἰ
774 1729 843 1791 τῦν
858 1721 970 1793 άλλων
986 1723 1165 1811 λημμάτων
1180 1734 1244 1794 τοῦ

288 1821 454 1909 ἀργυρίου
463 1821 633 1910 μάρτυρας
642 1817 687 1906 μὴ
699 1817 762 1906 εἰχε
772 1824 1009 1908 παρασχέσθαι,
1019 1823 1118 1892 τοῦτό
1127 1823 1161 1909 γ’
1174 1829 1243 1905 έξε-

288 1925 400 2007 λέγξαι
415 1924 452 1989 ἐκ
462 1927 525 1988 τοῦ
534 1925 753 2006 Αἰσχρίωνος,
776 1916 821 1998 ὥς
833 1918 895 1990 οῦκ
907 1919 1104 2007 ἐλήφθησαν
1116 1927 1153 1990 αί
1161 1923 1243 2008 φιά-

288 2029 344 2088 λαι
355 2015 426 2087 οὐδ’
436 2015 456 2105 ἡ
468 2024 535 2103 μυᾶ
545 2025 607 2084 τοῦ
616 2016 789 2104 άργυρίου,
802 2015 873 2086 οῦδ
885 2022 1039 2106 ἐπέμφθη
1050 2017 1243 2107 ὁΑίσχρίων

288 2117 356 2187 ῦπδ
378 2118 501 2184 τούτου
523 2113 567 2195 ὡς
587 2114 650 2187 τὸν,
667 2120 793 2201 πατέρα
810 2117 871 2185 τὸν
888 2118 985 2206 έμδυ,
1006 2121 1062 2188 καί
1078 2127 1241 2210 τεκμηρίῳ

290 2220 395 2305 τούτῳ
419 2216 688 2302 καταχρήσασθαι
710 2215 794 2301 πρὸς
814 2212 900 2302 ὑμᾶς
920 2216 971 2283 ὅτι
987 2217 1050 2301 ἐγω
1068 2220 1124 2285 καί
1139 2218 1243 2286 τάλλα

289 2285 453 2402 ψεύδομαι
464 2307 578 2397 περὶ
550 2341 600 2381 ωυ
610 2319 737 2399 ἐγκαλω
748 2312 856 2402 αῦτφ,
879 2312 965 2382 ὅπου
976 2341 1013 2399 γε
1024 2314 1064 2382 ὅν
1080 2342 1165 2434 φημι
1181 2325 1242 2384 λα-

290 2423 362 2503 βεῑυ
380 2442 397 2482 ο
400 2419 510 2500 ίκέτηυ
521 2413 602 2481 ὅντα
613 2412 735 2480 τοῦτον
745 2411 804 2489 τάς
815 2411 936 2496 φιάλας
946 2414 1001 2479 καὶ
1011 2439 1073 2497 την
1082 2419 1242 2498 μνάντοῦ

290 2513 471 2600 ἀργυρίου,
500 2534 598 2588 ουτος
614 2509 871 2597 βασανιζόμενος
889 2507 1098 2601 οὐφαίνεται
1118 2510 1240 2598 λαβάυ.

245 2637 282 2692 5ss
291 2618 321 2680 εἰ
328 2617 444 2679 τοίνυν
455 2616 554 2676 τοῦτο
566 2599 736 2694 ἰσχυρδν
713 2633 757 2693 ην
768 2633 812 2674 αν
819 2632 926 2674 τουτω
936 2603 1020 2698 πρὸς
1028 2605 1113 2696 ὑμᾶς
1122 2636 1242 2696 τεκμη-

290 2737 380 2831 ριου,
394 2709 445 2777 ὅτι
456 2703 647 2789 ἐξεδίδου
613 2733 673 2775 του
683 2714 715 2773 Α
716 2703 912 2825 ίσχρίωυα,
899 2705 940 2774 δυ
951 2714 1150 2826 πεμφθῆναί
1158 2735 1243 2827 φημι

289 2805 357 2876 ὑπὸ
375 2807 497 2874 τοῦτου
513 2807 569 2873 καί
585 2807 699 2892 λαβειν
717 2801 775 2884 τάς
789 2805 910 2891 φιάλας
926 2803 1016 2891 παρά
1036 2815 1099 2875 τοῦ
1119 2805 1242 2892 πατρὸς

290 2932 353 2974 τον
338 2909 445 2990 ἐμοῦ
455 2905 556 2973 καί
519 2930 581 2990 την
591 2911 680 2989 μνᾶν
691 2929 752 2972 του
737 2901 927 3024 άργυρίου
939 2902 1219 3024 δφνείσασθαι,’
1180 2932 1242 2972 κα-

291 3008 348 3090 μοί
368 3006 518 3088 γενέσθω
540 3002 719 3088 τεκμηρίου
739 3002 823 3088 πρὸς
842 3000 928 3090 ὑμᾶς
951 3001 1003 3072 ὅτι
1023 3004 1183 3083 συνειδώς
1200 3029 1241 3096 με

291 3099 404 3188 άληθη
427 3105 631 3187 ἐγκαλοῦντα
652 3098 694 3168 οῦ
716 3109 822 3190 τολμᾷ
842 3099 902 3169 τὸν
921 3107 1111 3188 Αἰσχρίωνα
1132 3127 1240 3189 παρα-

291 3205 420 3269 δοῦναι.

245 3315 282 3371 59
374 3296 568 3384 Ἀπολογίαυ
576 3305 693 3367 τοίνυν
704 3299 876 3386 ποιήσεται
886 3297 937 3366 ὅτι
948 3301 984 3365 ἐν
995 3312 1062 3378 τοῖς
1071 3300 1240 3388 γράμμασι

283 3400 360 3478 ’τοίς
375 3404 607 3483 τραπεζιτικοῖς
618 3396 669 3468 ἐπ’
681 3396 914 3474 Ἀλκισθένους
925 3395 1082 3482 άρχουτος
1092 3391 1135 3486 ἦν
1145 3402 1238 3485 ἐγγε-

291 3501 479 3585 γραμμένος
495 3495 532 3564 τό
550 3523 585 3565 τε
602 3505 729 3566 ναῦλον
743 3503 810 3565 τῶν
826 3496 936 3574 ξύλων
953 3494 1094 3586 εἰληφώς
1111 3499 1166 3565 καί
1176 3496 1238 3580 την

292 3594 391 3681 τιμηυ
406 3603 474 3663 τῶν
485 3603 631 3681 φιαλῶν,
652 3593 695 3681 ἣν
706 3593 838 3662 άπέτισε
853 3599 1048 3680 Τιμοσθένει
1062 3594 1147 3682 ὑπὲρ
1158 3593 1237 3661 τού-

292 3718 354 3761 του
375 3691 393 3764 ὁ
416 3695 538 3780 πατὴρ,
559 3695 614 3762 καί
630 3691 681 3762 ὅτι
697 3689 798 3771 αὐτὸς
813 3695 850 3761 ἐν
865 3691 971 3781 τοάτφ
988 3700 1032 3782 τῷ
1049 3692 1157 3780 χρόνφ
1174 3687 1236 3757 οὐκ
1245 3706 1314 3760 12οκ
