3159 4409
335 456 377 522 46
529 462 619 521 XLIV.
657 458 1077 521 ΔΗΜΟΣΘΕΝΟΤΣ
1150 512 1152 516 ,

336 628 404 688 τοῖν
421 617 439 689 δ
458 619 555 702 οἶκος.
587 623 762 690 καὶταῦτα
785 626 959 698 ποιοῦντες
978 618 1018 687 τά
1035 644 1070 686 τε
1094 622 1204 687 δίκαια
1220 630 1287 706 ψη-

337 730 468 804 φιεῖσθε
481 723 535 788 καλ
547 719 586 788 τά
594 716 721 804 εὔορκα
729 720 783 786 καὶ
795 715 834 785 τά
846 714 927 802 ὑμῖν
938 715 1049 796 αὐτοῖς
1060 717 1285 802 συμφέροντα.

761 1046 852 1103 XLIV.

357 1196 493 1264 ΠΡΟΣ
514 1178 782 1268 Λαοκιναα
801 1200 924 1267 ΠΕΡΙ
949 1196 1045 1266 νον
1065 1174 1274 1264 mmor.

663 1370 734 1428 ΤΠ
744 1370 769 1427 0
783 1369 849 1430 ΘΕ
858 1372 888 1427 Σ
897 1370 917 1426 Ι
924 1371 959 1426 Σ.
1031 1386 1039 1399 ·

330 1501 504 1608 Ἀρχιάδου
521 1521 742 1606 τελευτήσαντος
759 1521 884 1601 άπαιδος
899 1517 1078 1606 Λεωκράτης
1101 1513 1263 1601 κατέσχε
1234 1542 1286 1582 τον

333 1631 455 1728 κλῆρον,
468 1620 610 1706 συγγενής
624 1650 654 1688 τε
666 1620 708 1689 οδν
718 1622 809 1688 αὐτοῦ
828 1651 878 1688 και
869 1627 1112 1702 εἰσποποιῆσθαι
1123 1613 1243 1721 λέγριν’
1226 1611 1285 1681 υπδ

333 1703 497 1807 ᾈρχιάδου.
519 1708 613 1769 καλ
577 1733 660 1810 μεχρι
666 1711 719 1789 μέν
726 1734 805 1784 τινος
812 1734 899 1784 αυτος
911 1731 1049 1812 κατειχεν,
1057 1697 1286 1768 ἕπειτατονυὶον

336 1787 388 1854 τδν
407 1792 511 1853 ἑαυτοῦ
521 1789 715 1899 Λεριστρατον
726 1789 892 1894 εδστροιήσας
904 1787 972 1854 ἄνθ’
986 1785 1077 1853 αὑτοῦ
1094 1813 1134 1874 τρι
1121 1782 1284 1893 Ἀρχιάδῃ

337 1875 479 1952 ἐξίσταται
489 1880 541 1937 τοῦ
551 1877 635 1937 οἴκου
647 1877 696 1938 καλ
708 1871 785 1951 εἰς
758 1901 810 1939 τον
817 1869 954 1940 οἰκεῖον’
937 1853 1128 1983 ανεχιάρηρεν,
1136 1867 1174 1947 53
1182 1869 1285 1936 άδειαν

336 1954 494 2033 δεδωκότος
503 1954 614 2020 τούτων
627 1966 679 2022 τοῦ
691 1956 790 2040 νόμον.
815 1961 935 2061 ἐποίησε
952 1959 985 2022 δὲ
1000 1952 1087 2020 ταύτὸ
1100 1951 1284 2061 δΛεάστρα-
1315 1994 1317 1998 -

337 2068 398 2123 τος,
417 2045 466 2105 και
486 2035 555 2104 ἄνθ’
569 2037 659 2106 αδτου
647 2037 846 2107 καταλιποδν
864 2045 896 2106 ἒν
912 2069 952 2125 τῳ
970 2044 1042 2128 οἴκῳ
1049 2049 1111 2144 τρι]
1125 2035 1284 2142 Ἀρχιάδου

335 2131 428 2190 παῖδα
438 2122 620 2230 Λεωκράτην
639 2123 829 2235 καλούμενον
837 2107 1033 2229 ἐπανῆλθεν
1021 2119 1107 2201 αὐτὸς
1123 2118 1205 2200 εἰς
1163 2149 1230 2229 την
1240 2125 1283 2186 οἰ·
1292 2135 1339 2192 1oe

335 2205 451 2275 κίαν
421 2237 475 2292 την
492 2235 543 2273 του
562 2207 649 2320 κράσει
663 2207 795 2314 πατρός.
816 2209 896 2293 ὁμὲν
914 2206 951 2293 δὴ
961 2205 1148 2312 Λεωκράτης,
1161 2203 1283 2273 δτελευ-

336 2303 414 2370 ταῖος
423 2296 641 2380 εἰσποιηθεὶς
612 2320 653 2358 τοι
640 2290 819 2400 Ἀρχιάδῃ,
838 2290 1013 2376 τέθνηκεν”
994 2317 1092 2373 απαις,
1103 2291 1283 2377 προσελήλυ-

335 2389 372 2444 θε
389 2380 421 2444 δὲ
437 2405 477 2460 τρο
465 2376 594 2484 κλήρῳ
608 2359 829 2493 2662616533553,
852 2381 945 2463 λέγων
962 2376 1104 2482 ἕχγυτατα
1117 2402 1169 2440 του
1156 2377 1284 2482 χὲνους

335 2462 410 2528 εἶναι
420 2489 460 2551 τρι
448 2458 625 2566 Ἀρχιάδῃ,
638 2455 727 2549 οὗπερ
737 2462 777 2550 ἦν
789 2491 805 2528 ο
792 2460 923 2548 ’κλῆρος
934 2458 992 2540 ἕξ’
975 2469 1080 2545 αρχῆς,
1098 2488 1150 2523 και
1139 2456 1197 2525 δι’
1209 2461 1283 2522 ἐκεῖ·

335 2573 437 2611 νοντα
424 2526 660 2652 Λρωκράτει
631 2575 672 2611 τω
660 2553 841 2635 τελευταίῳ
858 2557 917 2611 τῶν
934 2547 1170 2648 εἰσποιηθένττρν.
1196 2553 1283 2607 Λεω-

334 2629 424 2734 χάρης
418 2612 491 2694 δὲ’
478 2657 493 2695 ο
505 2626 631 2710 άδελφὸς
647 2657 699 2695 του
686 2613 885 2733 τεθνηκδτος
897 2626 1078 2734 ἀμφισβητεῖ
1088 2656 1140 2731 τορ
1128 2625 1282 2730 κλήρου,

333 2710 366 2780 τὸ
383 2716 436 2796 μὲν
452 2711 522 2777 ὅλον
539 2712 751 2815 ἰσχυριζόμενος
767 2713 884 2797 ποιήσει
901 2714 940 2790 53
957 2741 1020 2819 υιρς
1029 2707 1155 2817 ποιητὸς
1175 2707 1219 2776 οδν
1229 2715 1283 2774 τοῦ

333 2794 538 2906 Λερικράτους,
551 2793 675 2876 φάσκων
687 2799 719 2861 δὲ
727 2796 804 2862 εἶναι
815 2800 865 2861 καὶ
876 2795 1017 2902 συγγενὴς
1029 2791 1194 2902 Ἀρχιάδου.
1222 2822 1239 2860 ο
1225 2789 1283 2858 δὲ

333 2880 407 2965 ὑπὲρ
415 2876 624 2984 Ἀριστοδήμου
635 2883 727 2966 λέγων
737 2879 954 2946 ἐπιδείκνυσι
923 2910 977 2965 την
987 2885 1040 2965 μὲν
1050 2907 1102 2985 τρο
1089 2872 1245 2965 χένους’
1227 2905 1282 2961 αγ-

334 2969 459 3048 χιστείαν
473 2959 671 3066 Ἀριστοδήμῳ
687 2960 872 3031 διδοῦσαν
844 2992 895 3031 τον
911 2972 1031 3073 κλῆρρν,
1048 2960 1104 3047 τὴν
1119 2969 1152 3030 δε
1160 2967 1282 3044 ποίησιν

333 3053 540 3150 παραπλησίαν
551 3067 656 3112 ουσαν
678 3075 712 3112 ου
700 3046 781 3152 γάρ
794 3058 859 3131 ζῶν,
871 3054 971 3157 ριησλν,
984 3046 1188 3151 δΛεωκράτης
1199 3049 1280 3112 ἕποι-

292 3137 294 3140 ⁴
335 3129 571 3238 χ’σατοπαῖδα
543 3130 780 3218 τονΛεωχάρην,
799 3134 936 3238 καθάπερ
954 3131 1032 3198 οἱ
998 3159 1083 3214 νομοι
1100 3131 1279 3234 κελούουσιν,

336 3214 408 3281 αλλδι
402 3245 489 3320 μετα
500 3214 619 3322 τὴνκε
572 3218 619 3279 ἕκε
619 3219 684 3280 ίνου
698 3213 834 3300 τελευτὴν
851 3213 923 3282 ἐπ”
905 3215 1093 3301 αποστερήσει
1108 3225 1160 3320 κῆρ
1178 3210 1280 3290 οὐσίας

333 3297 414 3403 παρδι
424 3298 492 3377 τοὺς
508 3300 625 3404 νόμους
632 3328 652 3383 η
640 3295 876 3404 εἰσποίησιςί
843 3329 861 3385 γ
874 3328 962 3366 νεται
987 3304 1061 3385 λέχει
1079 3296 1155 3366 δὲ
1126 3327 1179 3366 τον
1190 3295 1280 3382 λόγον

332 3410 384 3448 του
371 3379 625 3468 Ἀριστοδήμου
612 3410 629 3448 ο
640 3384 712 3460 υἱός.

415 3598 527 3667 Αλτιος
535 3593 595 3675 μέν
606 3593 674 3658 ἐστι
682 3589 860 3678 Λεωχάρης
876 3585 997 3676 οὑτοσὶ,
1016 3583 1172 3675 οδάνδρες
1183 3591 1279 3669 δικα-

333 3691 422 3776 σταὶ,
440 3696 500 3757 τοῦ
513 3691 567 3756 καὶ
585 3689 683 3770 αὐτὸς
705 3697 880 3777 κρίνεσθαι
892 3690 946 3757 καλ
957 3688 1012 3775 ἐμὲ
1022 3688 1185 3775 νεώτερον
1196 3686 1278 3757 ὄντα
