3159 4409
241 460 244 467 ’
314 476 377 544 170
547 481 576 538 ι.
608 435 1028 551 ΔΗΜοΣοιιΝουΣ

314 645 390 728 δρες
402 638 567 721 δικασταὶ,
579 632 620 715 ἀς
631 631 840 721 εἴρηκα-πρὸς
850 631 955 720 ὑμᾶς,
972 630 991 701 ὁ
1007 632 1192 719 Τιμόμαχος
1201 630 1275 704 ούκ-

313 738 474 826 ήνάγκαζε
485 733 757 820 παραλαμβάνειν
768 740 890 812 τοῦτον
900 731 963 818 τήν
973 739 1077 819 ναῦν,
1096 737 1144 800 έτι
1162 732 1266 802 δὲκαὶ

313 837 518 924 βουλόμενος
529 831 629 912 αύτός
639 837 783 919 χρῆσθαι
794 838 833 919 τῇ
850 834 906 918 νηί
923 829 1096 918 άςάριστα
1105 830 1263 921 πλεούσῃ.

313 936 374 1024 τήν
385 937 446 1023 μὲν
455 934 520 1022 γάρ
534 940 594 1002 τὀῦ
605 931 824 1018 Θρασυλόχου
839 938 901 998 τοῦ
910 926 1152 1018 Ἀναγυρασίου
1171 930 1277 1018 τριή·-

314 1061 366 1122 ρη,
378 1031 427 1120 ἐφ’
440 1030 480 1120 ής
492 1029 591 1111 αύτὸς
601 1037 707 1117 ἔπλει,
725 1030 785 1097 τὸν
797 1029 1013 1115 Θρασύλοχον
1024 1034 1070 1118 τῷ
1080 1034 1264 1119 Καλλίππῳ

313 1140 480 1221 μισδῦσαι
496 1128 560 1216 τήν
581 1133 795 1215 τριηραρχίαν
816 1133 963 1213 ἔπεισεν,
985 1124 1026 1194 ἵν’
1048 1122 1264 1213 αὐτοκράτωρ
1312 1149 1315 1157 ’

314 1229 363 1299 όν
385 1229 403 1298 ὁ
422 1228 614 1306 Κάλλιππος
632 1236 689 1312 τῆς
705 1223 788 1303 νειὸς
806 1224 959 1311 περιάγοι
979 1221 1040 1291 τόν
1055 1229 1265 1307 Καλλίστρα-

313 1357 388 1398 τον·
412 1327 510 1407 αὐτὸς
533 1324 563 1394 δ’
578 1322 704 1412 ἀναβάς
724 1326 776 1393 έπὶ
799 1321 862 1410 τήν
884 1321 966 1410 ἐμήν
988 1330 1075 1390 ναῦν
1097 1326 1269 1406 περιέπλει

314 1441 482 1512 πανταχοῖ,
495 1428 556 1505 ἕως
566 1423 702 1510 ἀφίκετο
715 1430 760 1502 είς
768 1420 1023 1509 Ἑλλήσποντον.
1314 1418 1315 1421 “

268 1547 303 1602 53
393 1524 521 1612 Ἐπειδὴ
533 1522 563 1593 δ’
577 1522 686 1592 ούκέτι
696 1528 787 1608 χρεία
799 1515 843 1608 ήυ
853 1520 944 1611 αύτῷ
950 1521 1114 1607 τριήροιν,
1126 1519 1265 1606 έμβιβάῂ
1273 1535 1316 1592 ιῖῖ

314 1648 374 1704 σας
385 1650 441 1709 μοι
452 1620 669 1691 Λυκῖνοντόν
679 1617 856 1706 Παλληνέα
873 1618 1017 1706 ἀρχοντα
1035 1625 1081 1698 είς
1091 1616 1154 1704 τήν
1165 1627 1263 1704 ναῦν,

215 1794 220 1800 ,
314 1725 369 1789 καλ
390 1720 572 1806 προστάξας
593 1718 683 1809 αύτῷ
704 1716 778 1787 καθ’
802 1717 930 1805 ἡμέραν
950 1717 1113 1804 ἀργύριον
1135 1717 1266 1786 διδόναι

314 1832 382 1896 τοῖς
402 1818 548 1903 ναύταις,
570 1817 732 1885 ἀποπλεῖν
752 1817 869 1884 ολκαδέ
889 1843 929 1902 με
950 1820 1109 1885 ἐκέλευεν.
1151 1814 1263 1902 ἐπειδή

224 1958 231 1971 ·
313 1923 428 1985 τοίνυν
439 1921 676 1995 καταπλέοντες
688 1918 801 1983 οἴκαδε
811 1907 943 2000 ήμενέν
956 1919 1084 2005 Τενέδῳ
1092 1967 1104 2005 ,Ι
1119 1918 1175 1984 καὶ
1186 1912 1265 1983 οῦτε

313 2013 331 2084 ό
354 2022 508 2099 Λυκῖνος,
532 2005 559 2102 ᾧ
580 2011 818 2100 προσέταξενὸ
844 2011 1037 2104 Τιμόμαχος,
1061 2016 1173 2083 ἐδίδου
1195 2026 1264 2092 τοῖς

313 2113 449 2191 ναύταις
459 2114 644 2199 σιτηρέσιον
657 2109 711 2197 (ου’
722 2109 786 2198 γάρ
799 2116 862 2197 ἔφη
875 2115 970 2198 ἔχειν,
978 2109 1048 2178 ἀλλ’
1060 2114 1096 2191 ἐκ
1108 2111 1264 2202 Μυτιλή-

313 2209 373 2298 νης
386 2211 583 2299 λήψεσθαι),
605 2215 638 2278 οἳ
652 2237 686 2278 τε
705 2217 900 2294 στρατιῶται
916 2209 1004 2295 εἶχον
1016 2207 1116 2278 οὐδὲν
1127 2209 1209 2278 ότου
1219 2207 1264 2279 ἀν

313 2312 560 2395 ἐπισιτίσαιντο,
582 2309 689 2377 ἀσιτοι
709 2300 745 2378 δέ
762 2307 826 2377 οῦκ
843 2305 887 2378 ἀν
916 2309 1078 2378 ἐδύναντο
1098 2311 1262 2398 ἐλαύνειν,

268 2404 699 2495 εῖπάλινπαραλαβιὸνέγά
716 2408 886 2494 μάρτυρας
897 2417 965 2476 τοῖν
976 2417 1137 2493 πολιτῶν,
1156 2428 1264 2493 προσ-

312 2506 426 2576 ελθων
435 2514 602 2576 Πολυκλεῖ
613 2507 718 2597 τούτῳ
730 2511 766 2576 ἐν
779 2500 913 2596 ΤενέδῳΙ
921 2509 1073 2575 ἐκέλευον
1086 2504 1192 2576 αὐτόν
1201 2507 1264 2594 τήν

312 2631 349 2672 τε
360 2614 447 2673 ναῦν
462 2605 734 2692 παραλαμβάνειν
746 2603 789 2684 ἀς
800 2607 956 2691 διάδοχον
966 2605 1064 2689 ὄντα,
1076 2609 1131 2674 καὶ
1141 2603 1179 2674 τὸ
1191 2609 1264 2674 ἐπι-

231 2794 235 2799 .
312 2702 537 2789 τριηράρχημα
558 2701 759 2771 ἀποδιδόναι.
774 2711 834 2772 τοῦ
856 2705 981 2790 χρόνου
1003 2698 1048 2773 οῦ
1067 2705 1264 2792 ἐπανήλωσα

313 2799 398 2884 ὑπὲρ
416 2801 538 2868 τοῦτον
554 2803 831 2888 ἐπιτριηραρχῶν,
853 2808 909 2870 ἴνα
925 2801 969 2891 μή
987 2805 1154 2891 πρόφασις
1172 2802 1265 2891 αὐτῷ

313 2902 442 2985 γένοιτο
460 2899 638 2985 ἀπολογίας
655 2899 739 2985 πρὸς
755 2898 857 2988 ὑμεῖς,
880 2899 924 2982 ὡς
939 2901 1003 2988 έγά
1024 2901 1079 2971 διά
1090 2911 1188 2971 τοῦτο
1199 2901 1265 2973 οῦκ

314 2996 440 3083 ήθελον
451 2996 540 3088 αύτῷ
553 3004 762 3085 παραδοῦναι
778 2997 841 3086 τήν
854 3007 957 3086 ναῦν,
975 3003 1263 3089 φιλοτιμούμενος,

313 3099 368 3163 ἵνα
386 3096 646 3184 καταπλεύσαιμι
666 3103 777 3166 οίκαδε
797 3101 849 3166 ἐπὶ
869 3098 953 3180 νειὸς
972 3093 1012 3167 εὖ
1027 3101 1191 3188 πλεούσης
1208 3104 1265 3170 καὶ

269 3195 517 3282 ὀόέυδειξαίμην
528 3193 657 3283 ύμῖντά
669 3195 876 3283 ἀναλώματα.
901 3197 963 3268 οῦκ
973 3202 1149 3280 ἐθέλοντος
1160 3206 1181 3269 δ
1185 3198 1265 3271 ἀύ-

312 3298 373 3357 τοῦ
385 3294 671 3383 παραλαμβάνειν,
683 3304 751 3364 τῶν
763 3299 799 3365 δὲ
810 3307 943 3366 ναυτῶν
953 3296 1117 3386 ἀργύριον
1129 3300 1265 3369 αἰτούν-

313 3413 382 3456 των
391 3389 431 3455 ἵν’
443 3390 674 3480 ἀγοράσωνται
685 3393 724 3463 τά
736 3398 919 3484 ἐπιτήδεια,
936 3398 1037 3465 πάλιν
1055 3396 1147 3486 αύτῷ
1157 3420 1264 3484 προσ-

314 3489 450 3573 έρχομαι
470 3490 638 3578 μάρτυρας
651 3498 751 3579 ἔχων,
772 3497 828 3563 καὶ
848 3493 988 3582 ήράτων
1010 3494 1113 3564 αὐτόν
1132 3503 1162 3566 εί
1178 3495 1264 3565 ἀνα-

314 3584 488 3655 πλεύσειεν
510 3594 594 3675 ἔχων
613 3590 777 3681 ἀργύριον
806 3591 850 3674 ὡς
871 3594 1102 3681 διαδεξόμενός
1123 3622 1180 3683 μοι
1201 3593 1264 3682 τήν

314 3693 401 3754 ναῦν
418 3680 441 3774 ή
458 3685 508 3754 ού.
542 3685 809 3809 ἀποκριναμένου
826 3690 859 3760 δ’
871 3690 977 3761 αὐτοῦ
989 3692 1039 3763 ότι
1057 3700 1141 3781 ἔχων
1156 3693 1266 3785 ἀργύ-
