3159 4409
325 523 389 588 310
527 526 592 583 ux.
623 519 1068 601 [ΔΗκοΣσκΝονε]
1181 585 1184 596 ,

324 685 484 771 γούμενοι
500 680 562 770 τήν
578 689 777 769 κατηγορίαν
793 677 911 767 αύτής,
935 679 980 759 ῶς
995 683 1049 750 καὶ
1063 690 1276 768 μνημονικῶς

267 784 380 852 111καὶ
391 784 547 867 ἐπιμελῶς
558 784 632 863 περὶ
642 780 782 847 ἑκάστου
792 781 1014 866 κατηγορήθη.
1036 784 1116 848 αἰδὲ
1128 778 1277 848 ἀκούσα-

327 902 381 949 σαι
402 882 574 968 ἐρήσονται
591 876 646 947 “τί
664 871 727 946 οὖν
747 875 955 963 ἐποιήσατε;”
983 876 1075 965 ὑμεῖς
1095 878 1134 946 δέ
1154 879 1277 965 φήσετε

321 976 629 1066 “ἆτιεψηφίσμεθα.”
666 975 791 1045 ούκούν
810 975 874 1062 ήδη
892 982 928 1044 αἱ
935 977 996 1064 μὲν
1008 981 1278 1063 σωφρονέσταται

327 1087 395 1148 τῶν
412 1086 581 1165 γυναικῶν
598 1076 855 1162 ὀργισθήσονται
872 1073 969 1162 ὑμίν,
990 1076 1074 1144 διότι
1083 1073 1205 1162 ὁμοίως
1216 1071 1278 1141 αύ-

329 1192 399 1258 ταῖς
414 1179 539 1265 ταύτην
554 1181 744 1263 κατηξιοῦτε
760 1179 905 1262 μετέχειν
925 1182 993 1243 τῶν
1011 1183 1068 1261 τής
1084 1169 1214 1252 πόλεως
1224 1173 1278 1240 καὶ

229 1309 235 1319 ’
328 1287 396 1345 τῶν
409 1281 524 1362 ἱερῶν·
540 1274 615 1344 ὅσαι
628 1271 659 1341 δ’
671 1271 816 1359 ιἰνόητοι,
828 1281 982 1359 φανερῶς
991 1275 1196 1364 ἐπιδείκνυτε
1204 1294 1278 1337 ποι-

329 1389 378 1443 εῖν
389 1373 450 1442 ὅτι
462 1370 504 1441 όῖν
514 1374 717 1462 βούλωνται,
730 1369 774 1450 ῶς
786 1369 901 1438 όὶδειαν
911 1369 1007 1456 ὑμῶν
1017 1372 1150 1438 καὶτῶν
1162 1369 1277 1455 νόμων

330 1473 530 1542 δεδωκότων.
553 1473 662 1552 δόξετε
672 1472 735 1557 γὰρ
747 1469 913 1555 όλιγῶρως
920 1471 975 1537 καί
984 1468 1144 1558 ῥᾳθύμως
1154 1472 1278 1554 φέρον-

328 1599 380 1650 τες
398 1570 630 1659 ὁμογνώμονες
648 1573 703 1639 καί
720 1568 814 1638 αὐτοὶ
831 1567 914 1636 εἶναι
924 1582 992 1647 τοῖς
1001 1569 1122 1654 ταύτης
1132 1569 1275 1654 τρόποις.

271 1695 320 1748 112
330 1670 413 1738 ὥστε
430 1669 516 1739 πολύ
534 1679 662 1756 μᾶλλον
677 1671 854 1737 ἐλυσιτέλει
869 1665 913 1753 μή
925 1671 1082 1751 γενέσθαι
1093 1663 1153 1733 τόν
1163 1663 1278 1751 ἀγῶνα

329 1771 461 1837 τουτονὶ
481 1764 503 1854 ή
526 1768 709 1854 γενόμενον
729 1766 1007 1854 ἀποψηφίσασθαι
1027 1762 1121 1851 ὑμᾶς.
1156 1770 1277 1851 κομιδή

329 1866 393 1952 γὰρ
410 1863 473 1952 ήδη
491 1873 659 1944 παντελῶς
674 1869 806 1946 ἐξουσία
822 1871 911 1933 ἔσται
927 1879 996 1943 ταῖς
1012 1864 1152 1950 πόρναις
1162 1885 1278 1931 συνοι-

277 1973 278 1980 ’
330 1977 401 2031 κείν
411 1959 459 2041 οἷς
470 1959 514 2028 δν
524 1963 726 2049 βούλωνται,
747 1966 802 2032 καί
812 1963 890 2042 τούς
900 1968 1018 2042 παῖδας
1028 1962 1171 2049 φάσκειν
1182 1954 1278 2030 ούύν

330 2060 473 2146 τύχωσιν
491 2059 589 2129 εἶναι·
608 2064 664 2127 καί
681 2066 714 2129 οί
728 2063 788 2147 μέν
803 2062 900 2148 νόμοι
917 2061 1035 2150 όίκνροι
1045 2059 1125 2147 ύμῖν
1135 2066 1277 2146 ἔσονται,

329 2164 364 2228 σί
372 2160 408 2228 δέ
418 2159 534 2243 τρόποι
544 2167 613 2227 τῶν
623 2161 761 2244 ἑταιρῶν
770 2160 880 2246 κύριοι
888 2159 908 2227 ὅ
917 2187 948 2228 τι
956 2158 1000 2228 δν
1007 2162 1197 2247 βούλωνται
1206 2165 1278 2228 δια-

329 2259 542 2347 πράττεσθαι.
577 2257 660 2326 ύστε
677 2260 733 2326 καὶ
747 2257 831 2346 ὑπὲρ
848 2267 918 2326 τῶν
927 2265 1104 2328 πολιτίδων
1115 2275 1277 2344 σκοπεῖτε,

329 2366 390 2426 τοῦ
407 2355 450 2445 μή
464 2356 663 2437 ἀνεκδότους
672 2365 847 2443 γίγνεσθαι
855 2359 914 2439 τοὶς
924 2366 992 2426 τῶν
1003 2358 1155 2444 πενήτων
1166 2368 1278 2443 θυγα-

270 2459 432 2540 113τέρας.
465 2464 530 2524 νύν
541 2458 602 2542 μὲν
612 2455 693 2543 γὰρ,
708 2453 774 2523 κᾶν
784 2454 942 2543 ἀπορηθῇ
951 2483 1015 2541 τις,
1034 2454 1153 2541 ἱκανήν
1164 2447 1276 2538 προῖκ’

331 2553 414 2644 αὐτή
425 2553 443 2623 ὁ
455 2556 558 2642 νόμος
569 2555 805 2641 συμβάλλεται,
819 2551 863 2621 δν
874 2557 930 2623 καὶ
941 2552 1128 2622 ὁπωστιοῦν
1142 2560 1279 2640 μετρίαν

330 2650 351 2738 ἡ
364 2653 463 2737 φύσις
474 2652 554 2733 ὅφιν
565 2652 678 2742 ἀποδῶ
685 2678 692 2692 ·
715 2657 1040 2739 προπηλακισθέντος
1051 2655 1086 2720 δὲ
1096 2661 1159 2720 τοῦ
1169 2652 1278 2740 νόμον

330 2749 391 2838 ὑφ’
409 2749 506 2837 ὑμῶν
522 2749 760 2836 ἀποφυγούσης
774 2753 909 2839 ταύτης,
930 2755 985 2821 καὶ
1000 2752 1131 2840 ἀκύρου
1139 2756 1279 2839 γενομέ-

330 2876 410 2936 νου,
428 2856 595 2927 παντελῶς
604 2846 666 2934 ήδη
678 2847 698 2934 ἡ
710 2849 770 2935 μὲν
779 2857 848 2917 τῶν
858 2858 994 2934 πορνῶν
1005 2853 1139 2936 ἐργασία
1151 2850 1222 2937 ἥξει
1233 2856 1337 2929 είς13ῖε

331 2947 388 3028 τὰς
397 2956 464 3015 τῶν
475 2951 651 3015 πολιτίδων
662 2952 865 3035 θυγατέρας,
879 2947 926 3016 δι’
938 2948 1080 3035 ιἰπορίαν
1093 2949 1169 3019 όσαι
1180 2947 1224 3019 ι’ἶν
1234 2947 1277 3038 μή

332 3047 498 3114 δύνωνται
515 3047 712 3133 ε’κδοθήναι,
734 3044 770 3115 τό
783 3048 820 3116 δὲ
829 3056 897 3114 τῶν
908 3051 1096 3130 ἐλευθέρων
1106 3058 1279 3133 γυναικῶν
1294 3096 1295 3101 1

331 3143 454 3232 ἀξίωμα
471 3151 516 3225 είς
533 3142 591 3224 τὰς
608 3147 750 3233 ἑταίρας,
774 3141 818 3212 οἳν
829 3145 944 3214 όὶδειαν
954 3145 1150 3232 λόβωσιτοῦ
1160 3151 1278 3226 ἐξεῖναι

331 3241 444 3322 αύταίς
459 3249 725 3334 παιδοποιεῖσθαι
745 3241 788 3322 ὦς
806 3240 849 3311 όῖν
865 3246 1052 3332 βούλωνται
1068 3247 1124 3313 καὶ
1136 3253 1277 3314 τελετῶν

272 3353 321 3406 114
331 3343 384 3406 καλ
403 3346 503 3428 ίερῶν
521 3345 576 3410 καί
593 3350 697 3427 τιμῶν
715 3346 860 3429 μετέχειν
875 3352 942 3411 τῶν
958 3348 1046 3431 ἐντή
1056 3343 1158 3412 πόλει.
1192 3342 1276 3412 ὥστε

331 3431 376 3516 εἷς
388 3439 521 3518 ἕκαστος
531 3439 626 3526 ὑμῶν
637 3443 809 3526 νομιζέτω,
828 3439 920 3527 ὁμέν
929 3438 1012 3527 ὑπὲρ
1025 3441 1200 3528 γυναικός,
1213 3439 1232 3509 ὁ
1245 3440 1275 3508 δ’

330 3530 414 3618 ὑπὲρ
430 3535 612 3623 θυγατρός,
636 3535 654 3604 ό
672 3537 703 3606 δ’
724 3536 808 3623 ὑπὲρ
819 3540 957 3626 μητρός,
979 3537 1040 3607 ὁδ’
1052 3537 1277 3627 ὑπέρτήςπό-

331 3640 412 3712 λεως
423 3634 478 3700 καὶ
490 3642 558 3700 τῶν
569 3636 684 3722 νόμων
694 3639 749 3704 καὶ
760 3644 828 3704 τῶν
840 3641 941 3721 ἱερῶν
950 3637 1013 3724 τήν
1023 3646 1138 3724 ψῆφον
1148 3640 1275 3724 φέρειν,

332 3739 392 3796 τοῦ
408 3728 452 3818 μή
469 3734 501 3811 ἐξ
517 3741 592 3800 ίσον
609 3743 756 3821 φανῆναι
772 3738 898 3814 ἐκείνας
913 3739 1096 3823 τιμωμένας
1109 3736 1214 3824 ταύτῃ
1235 3745 1276 3824 τῇ
