3159 4409
516 501 658 563 ΠΡΟΣ
676 500 1056 564 ΜΑΚΑΡΤΑΤΟΝ.
1216 499 1259 564 39

307 657 385 745 τρδς
397 661 515 749 Ἁγνίᾳ,
528 657 570 730 οὗ
580 653 698 731 ἐστινὸ
710 669 839 749 κλῆρος.
868 670 930 730 τοῦ
946 662 978 730 δ’
990 659 1203 750 Εὐβουλίδου
1214 655 1257 748 ἦν

261 784 299 840 64
306 760 460 848 θυγάτηρ
471 759 491 849 ἡ
504 765 638 831 τουτουὶ
649 769 709 829 τοῦ
720 759 838 840 παιδὸς
848 761 964 848 μήτηρ.
994 761 1114 840 ταύτας
1130 761 1258 831 κελεύει

307 860 365 938 τοὶς
381 863 614 948 προσηκούσας
630 863 684 929 καί
702 875 855 947 παρεῖναι
872 869 913 948 τῇ
930 864 1088 945 προθέσει
1097 868 1158 928 τοῦ
1168 888 1256 931 τετε-

292 959 503 1045 ’λευτηκότος
514 963 569 1029 καί
580 962 633 1029 ἐπὶ
644 958 681 1028 τὸ
694 968 808 1047 μνῆμα
819 958 1037 1046 ἆκολουθείυ,
1049 958 1091 1028 οὐ
1104 960 1166 1046 την
1175 970 1257 1029 Μα-

307 1060 614 1146 καρτάτουμητέρα
632 1058 710 1128 οὐδὲ
728 1059 790 1147 την
802 1060 1004 1146 Θεοπόμπου
1014 1071 1172 1145 γυναῖκα·
1183 1057 1256 1133 ,οὐ-

308 1158 364 1223 δὲν
376 1158 439 1243 γὰρ
451 1159 680 1246 προσήκουσιν
693 1157 806 1247 Ἀγυίφ
825 1151 938 1244 αὗται,
956 1156 1026 1227 ἀλλ’
1040 1151 1127 1244 ἦσαν
1136 1162 1170 1238 ἐξ
1187 1159 1256 1226 ἑτέ·

306 1281 367 1338 ρας
384 1264 491 1342 φυλῆς
509 1255 742 1344 Ἀκαμαντίδος
753 1261 809 1327 καὶ
824 1262 857 1339 ἐξ
882 1260 996 1342 ἑτέρου
1013 1259 1122 1345 δήμου
1141 1266 1255 1344 Προσ-

305 1354 490 1442 παλτόθεν,
515 1356 598 1426 ὥστε
618 1357 655 1426 τὸ
675 1357 833 1444 παράπαν
857 1355 931 1424 οὐδ’
949 1357 1097 1446 ᾔσθοντο
1128 1354 1185 1422 ὅτε
1211 1349 1256 1443 ἦν

260 1453 689 1541 ςςτετελευτηκοδςἉγυίας.
720 1455 1027 1542 ὑπεραναίσχυντον
1038 1452 1078 1540 δὴ
1091 1447 1184 1522 οὗτοι
1194 1464 1255 1522 κα-

304 1554 543 1633 τασκευοίζουσι
555 1563 705 1642 πρᾶγμα,
720 1554 763 1646 ᾡς
775 1554 839 1647 ίίρα
852 1559 903 1621 δεῖ
910 1552 996 1640 ἡμᾶς
1006 1556 1061 1621 καὶ
1070 1555 1128 1632 τὰς
1137 1568 1258 1638 γυναί-

304 1678 366 1729 κας
382 1649 441 1729 τὰς
458 1649 617 1739 ἡμετέρας
633 1662 694 1721 τοῦ
711 1653 772 1738 μὲν
789 1655 939 1740 σώματος
955 1661 1016 1721 τοῦ
1028 1653 1175 1740 Ἁγνίου,
1198 1652 1256 1721 ὅτ’
1266 1678 1332 1733 1072

304 1752 543 1837 ἐτετελευτήκει
554 1752 782 1838 κληρονόμους
794 1752 878 1821 εἶναι
888 1756 943 1822 καί
954 1768 1061 1828 ποιεῖν
1070 1751 1201 1820 ἅπαντα
1211 1751 1252 1820 τὰ

302 1849 519 1935 νομιζόμενα,
539 1848 582 1931 ὡς
592 1854 822 1939 προσήκοντας
834 1855 889 1920 καὶ
905 1856 993 1938 γεύει
1004 1851 1103 1938 ὄντας
1113 1851 1253 1938 ἐγγυτά-

305 1974 367 2014 τω·
389 1949 449 2015 τὸυ
463 1950 498 2017 δὲ
509 1958 636 2037 κλῆρον
646 1961 777 2020 οίεσθαι
795 1957 865 2020 δεῖν
882 1949 1038 2038 ἔχειυτδυ
1049 1950 1181 2036 Ἁγνίου
1192 1960 1253 2020 τοῦ

304 2050 570 2135 τετελευτηκότος
587 2052 830 2138 Μακάρτατον,
849 2055 885 2120 ἐκ
902 2061 965 2120 τοῦ
973 2060 1140 2136 Στρατίου
1158 2062 1253 2121 οίκου

306 2144 386 2212 ὄντα
396 2149 450 2213 καὶ
467 2150 503 2214 ἐκ
521 2156 579 2235 τῆς
592 2148 804 2239 Ἀπολήξιδος
818 2179 879 2220 του
867 2158 1126 2235 Προσπαλτίου
1142 2161 1253 2237 θυμα·

305 2243 391 2365 τρός,
403 2250 674 2333 Μακαρτάτουδ’
686 2250 840 2338 ἀδελφῆς
870 2249 937 2318 αλλ’
949 2248 1026 2317 ου’τε
1038 2255 1165 2319 δίκαιον
1176 2248 1251 2319 οὔθ’

305 2341 399 2412 ὅσιον
410 2344 496 2413 τοῦτ’
510 2353 610 2433 ἔστιν,
623 2378 649 2416 ω
637 2343 782 2435 ἄνδρες
794 2354 951 2416 δικασταί

257 2471 294 2528 ςς
384 2441 571 2529 Ἀνανυωθι
592 2449 630 2514 δέ
639 2472 695 2532 μοι
706 2474 746 2514 τα
734 2446 795 2513 ἐκ
811 2454 869 2530 τῆς
886 2449 1039 2530 μαντείας
1049 2451 1106 2529 της
1116 2447 1153 2511 ἐκ
1164 2453 1253 2512 Δελ-

304 2550 380 2629 φῶν
401 2553 618 2632 κομισθείσης
638 2543 727 2631 παρὰ
750 2571 812 2611 του
834 2547 975 2628 θεοῦ,”
960 2570 993 2610 ιν
993 2541 1182 2627 ἀἴσθησθε
1202 2542 1253 2611 ὅτι

303 2639 405 2708 ταύτὰ
424 2646 511 2726 λέγει
528 2646 603 2730 περὶ
621 2652 690 2713 τῶν
708 2643 948 2733 προσηκόντων
963 2654 1032 2720 τοῖς
1053 2638 1168 2726 νόμοις
1184 2657 1253 2722 τοῖς

302 2749 363 2808 τοῦ
374 2741 540 2820 Σόλωνος.
577 2782 586 2794 ι

669 2863 888 2926 MANTEIA

388 2968 603 3078 [Ἀγαθητυχη.
632 2975 760 3078 ἐπερωτᾷ
777 3003 793 3040 ο
811 2971 930 3057 δημος’
919 3002 934 3040 ο
946 2968 1115 3054 Ἀθηναίων
1125 2974 1253 3078 περὶτοῦ
1300 2996 1304 3003 ’

345 3063 469 3161 σημείου
474 3065 526 3121 τοῦ
538 3059 570 3121 ἒν
579 3064 621 3140 τῷ
629 3083 746 3157 ουρανῳ
734 3055 947 3164 γενομένου,3
958 3085 986 3123 τι
997 3084 1036 3123 αν
1047 3053 1250 3160 δρῶσινἈθη-

345 3137 495 3243 ναίοιςη’
480 3168 536 3228 οτφ
547 3149 611 3228 θεφ
621 3138 823 3226 θυονσινη’
793 3145 958 3246 ευχομὲνοις
974 3147 1019 3224 εἴη
1029 3135 1115 3203 ἐπὶ
1088 3165 1121 3202 το
1131 3167 1251 3223 οιμεινον

345 3219 404 3289 ἆπὸ
418 3250 470 3289 του
457 3205 609 3330 σημείου.
641 3229 782 3310 συμφέρει
795 3223 965 3329 Ἀθηναίοις
980 3226 1046 3309 περι
1062 3233 1115 3288 τοῦ
1131 3231 1250 3332 σημείου

345 3334 396 3372 του
384 3310 442 3372 ἐν
452 3317 493 3396 τῷ
504 3305 621 3415 οὗρανφ
608 3313 789 3417 γενομένου
800 3307 930 3385 θύοντας
940 3315 1101 3391 καλλιερειν
1112 3307 1188 3374 Acl‘
1172 3334 1250 3376 υπα-

345 3418 395 3502 τφ,
406 3375 520 3496 Ἀθηνᾷ
530 3374 653 3500 υπμίτφ,
650 3401 797 3476 Ηρακλεῖ,
813 3390 974 3458 Ἀπόλλωνι
986 3398 1102 3497 σωτῆρι,
1116 3396 1166 3457 καί
1177 3390 1250 3458 ἄπο·

345 3480 468 3557 πέμπειν
478 3458 578 3586 ιἰμφλ’
564 3481 677 3561 ονη’σει
690 3481 757 3562 περὶ
768 3477 856 3581 τύχας
868 3473 986 3582 νἰγοιθᾶς
995 3472 1182 3543 Ἀπόλλωνι’
1164 3504 1249 3560 αγυι·

346 3587 385 3641 ει,
397 3569 508 3643 Λατοι,
525 3559 683 3666 Ἀρτέμιδι,
704 3558 802 3625 καί
770 3587 823 3636 τας
834 3556 940 3643 αγυιδις
951 3569 1070 3642 κνισῆν,
1081 3564 1131 3625 καὶ
1119 3586 1250 3664 κρμτη-

346 3670 398 3729 ρας
409 3644 528 3748 ίσταμεν
538 3647 589 3709 καί
599 3642 718 3753 χορσδς,
737 3647 787 3708 καί
799 3655 1030 3747 στεφανηφορεῖν
1040 3641 1131 3710 καττδ
1141 3641 1251 3728 ποίτρια

344 3737 427 3805 θεοῖς
436 3723 614 3811 Ὀλυμπίοις
615 3732 667 3793 καλ
672 3727 844 3808 Ὀλυμπίαις
853 3725 992 3794 πάντεσσι
1003 3731 1053 3793 καί
1064 3726 1187 3808 πείσαις,
1204 3731 1251 3791 δε-
