3159 4409
465 484 606 586 KATA
637 484 931 545 ΣΤΕΦΛΝΟῬ
958 485 1000 544 A.
1165 483 1206 550 77

254 642 352 724 τίς
311 670 378 730 γαρ
392 641 1027 730 διλοόσεταιέτιποτὲψευδομαρτυριῶν,
1042 650 1207 729 είμαρτυ-

256 766 370 863 ρησει
358 769 395 811 τε
408 772 428 811 α
414 741 595 831 “βούλεται
607 745 662 812 καὶ
673 744 775 828 λόγον
787 735 836 810 τόν
845 742 1001 828 βούλεται
1010 740 1123 823 δύσεις
1115 742 1205 811 ·οἱλλ’

256 839 317 927 οὐχ
333 841 423 910 ούτω
433 851 537 910 ταῦτα
549 841 630 911 οὔθ’
644 839 662 910 ό
674 842 776 926 νόμος
788 846 907 908 διεῖλεν
917 838 997 909 οὔθ’
1012 837 1093 926 ύμίν
1105 839 1208 910 ιἰκού-

256 966 306 1008 ειν
324 941 499 1028 προσήκει·
523 938 596 1009 ἀλλ’
610 943 717 1019 ἐκεῖνο
730 938 863 1009 απλουν
874 967 928 1009 και
917 942 1077 1008 δίκαιον.
1110 948 1145 1008 τι
1152 944 1225 1025 γε-,

255 1060 412 1122 γραπται;
434 1045 469 1106 τί
483 1039 754 1126 μεμαρτύρηκας;
776 1036 879 1106 ταῦθ’
891 1036 936 1117 aig
946 1035 1057 1125 ἀληθῆ
1067 1043 1207 1107 δείκνυε.

256 1138 312 1204 καὶ
338 1137 401 1222 γὰρ
427 1135 664 1223 ἀντιγέγραψαι
689 1144 794 1217 ταῦτα
811 1134 942 1224 “ύληθῆ
961 1135 1207 1224 μεμαρτύρηκα,

249 1230 483 1322 “μαρτυρη’σας
493 1234 533 1303 τοὶ
545 1241 638 1323 ἐντῷ
649 1242 858 1323 γραμματείῳ
869 1234 1105 1322 γεγραμμένα,”
1117 1235 1159 1304 ού
1169 1236 1206 1304 τὸ

213 1347 246 1402 46
255 1334 310 1400 καί
327 1331 364 1404 τό,
383 1341 450 1399 τῶν
461 1337 498 1401 ἐν
507 1343 555 1424 τῷ
565 1343 786 1425 γραμματείῳ.
818 1333 869 1401 ότι
881 1333 912 1401 δ’
925 1332 1013 1402 οὕτω
1025 1333 1118 1402 ταῦτ’
1132 1341 1207 1421 ἔχει,

224 1475 227 1481 ·
255 1430 336 1517 λαβὲ
346 1428 409 1517 τὴν
418 1428 628 1519 ἀντιγραφὴν
640 1431 747 1519 αύτήν
758 1459 824 1518 μοι.
857 1438 940 1518 λέγε.

531 1553 871 1615 ΑΝΤΙΓΡΑΦΗ.

256 1642 486 1748 [Ἀπολλόδωρος
497 1590 669 1749 Πασίωνος’
667 1657 710 1712 Α·
756 1650 921 1752 Στέφανος
916 1650 1102 1724 Μενεκλεονς
1106 1644 1207 1753 Αχαρ

297 1757 423 1840 χαρνευς
431 1728 589 1836 Στεφάνῳ
610 1739 709 1795 Μενε-
799 1729 865 1808 νεύς
886 1727 1039 1836 τᾶληθηέ
1038 1731 1208 1842 μοιρσύρησα
1256 1796 1261 1804 f

296 1817 403 1890 κλέους
431 1810 568 1898 Ἀχαρνεῖ
599 1820 708 1918 ψευδο·
797 1813 984 1901 μαρτυρήσας
1024 1842 1062 1880 τα
1096 1819 1128 1881 έν
1166 1829 1207 1909 τῷ

296 1905 531 2000 μαρτυριῶν,τ
515 1903 625 1981 τίμημα
657 1896 708 1963 τό
796 1905 980 1988 γραμματείῳ
1000 1887 1205 1988 γεγραμμένα]

297 1991 412 2046 λαντον.
454 1978 492 2045 τόι
524 1987 622 2064 ψευδῆ
651 2009 708 2064 μου

295 2063 529 2170 κατεμαρτύρησε
547 2069 708 2170 Στέφανος

296 2149 483 2234 μαρτυρήσας
520 2146 557 2214 τύ
598 2153 629 2214 έν
665 2158 708 2233 τῷ

296 2238 481 2322 γραμματείῳ
492 2236 686 2353 γεγραμμένα.

343 2337 454 2410 Ταῦτα
472 2323 569 2408 οὗτος
586 2328 686 2408 αύτός
703 2327 947 2416 ἀπεγράψατο,
969 2329 992 2396 δι’
1007 2357 1067 2416 χρη
1080 2358 1207 2417 μνημο-
1217 2342 1289 2397 11161

255 2428 368 2503 νεύειν
389 2426 490 2514 ὑμᾶς,
521 2431 576 2495 καὶ
597 2425 641 2512 μὴ
663 2424 743 2505 τούς
764 2426 815 2494 ἐπ’
841 2427 982 2514 ἐξαπάτῃ
1003 2437 1069 2494 νῦν
1089 2430 1209 2513 λόγους
1268 2484 1270 2488 .

255 2525 457 2596 ὑπὸτούτου
475 2528 734 2648 ῥηθησομένους
743 2532 955 2612 πιστοτέρους
966 2537 1133 2594 ποιεῖσθαι
1143 2554 1211 2594 των

256 2628 371 2713 νόμων
389 2628 527 2694 καὶτῶν
545 2623 611 2693 ὑπό
628 2625 752 2692 τούτου
768 2630 966 2711 γραφέντων
985 2623 1082 2705 είς
1047 2652 1109 2711 την
1119 2622 1211 2732 ἀντι-

256 2723 402 2813 κοινόν

211 2841 245 2897 47
342 2822 569 2943 Πανθύυομαι
586 2831 704 2894 τοίνυν
721 2822 845 2903 αύτούς
864 2827 919 2892 καλ
937 2828 1012 2908 περὶ
1028 2851 1077 2891 ων
1095 2829 1212 2908 ἔλαχον

256 2951 319 3010 την
329 2920 396 3002 έξ
376 2931 476 3008 αρχῆς
498 2931 596 3013 δίκην
618 2928 706 3008 έρείν
716 2927 770 2992 καὶ
780 2925 1039 3011 κατηγορήσειν,
1053 2920 1097 3002 ὡς
1107 2942 1212 2990 συκο-
1308 2924 1310 2926 ’

257 3020 454 3108 φαντήματα
471 3014 522 3106 ἦν.
556 3021 620 3107 έγοδ
639 3021 671 3090 δ’
689 3019 730 3091 δν
745 3025 806 3108 μέν
822 3024 949 3106 τρόπον
960 3022 1210 3112 ἐσκευωρήσατο

255 3121 318 3206 τὴν
328 3128 512 3207 μίσθωσιν,
531 3119 622 3201 ὅπως
631 3119 693 3208 τὴν
706 3120 864 3209 όφορμην
874 3132 932 3209 τῆς
941 3125 1098 3208 τραπέζης
1109 3118 1211 3186 κατύ-

256 3238 347 3305 σχοι,
370 3219 463 3286 εἷπον
481 3222 535 3288 καὶ
552 3224 730 3307 διεξῆλθον
747 3219 842 3308 ύμῖν,
865 3219 949 3306 ὑπὲρ
968 3219 1004 3286 δέ
1019 3226 1088 3285 των
1098 3217 1210 3285 ἄλλων

256 3315 320 3385 ούκ
337 3312 383 3384 οἲν
399 3313 468 3397 οἷός
484 3316 514 3384 τ’
535 3328 607 3406 είην
624 3321 734 3404 λέγειν
751 3319 819 3406 ἅμα
837 3323 892 3387 καί
909 3318 1048 3396 τούτους
1069 3318 1211 3404 ἐλέγχειν

256 3418 332 3500 περὶ
343 3424 401 3502 τῆς
412 3424 610 3503 μαρτυρίας·
627 3416 746 3505 οὐγὰρ
760 3418 879 3487 ἱκανόν
890 3443 947 3503 μοι
957 3413 993 3482 τό
1006 3413 1097 3501 ὕδωρ
1111 3419 1210 3484 ἐστίν.

216 3513 309 3583 λὸότι
318 3512 435 3599 δ’χούδ
448 3515 541 3602 ὑμεῖς
552 3517 685 3586 ἐθέλοιτ’
700 3512 744 3584 δν
757 3517 892 3593 εἰκότως
903 3512 1037 3580 ύκούειν
1047 3517 1121 3600 περὶ
1130 3514 1211 3582 τού-

257 3639 324 3682 των
335 3611 448 3697 αὐτῶν
455 3666 464 3700 ,
482 3618 612 3685 ἐκελθεν
625 3625 775 3700 είσεσθε,
787 3610 832 3680 όὶν
841 3618 1020 3697 λογίσησθε
1030 3610 1113 3699 πρὸς
1125 3609 1212 3697 ὑμᾶς

257 3711 383 3794 αύτούς
399 3711 451 3782 ότι
469 3712 545 3783 οὔτε
557 3721 623 3782 νῦν
634 3718 702 3782 ἐστι
712 3709 861 3800 χαλεπόνΙ
868 3713 941 3798 περὶ
953 3703 1002 3779 τόν
1011 3713 1055 3798 μὴ
1067 3707 1211 3796 κατηγό-
