3159 4409
327 489 369 557 58
530 493 620 550 XLIV.
659 488 1079 553 ΔΗΜΟΣΘΕΝΟῬΣ

227 640 232 671 ¹
290 703 291 706 τ
322 648 499 737 γνώσεται,
521 652 575 718 καὶ
591 657 660 718 τοῖν
675 647 788 718 άλλων
804 657 873 717 τῶν
891 655 1089 737 εἰρημένων,
1112 644 1161 719 άν
1181 643 1278 721 οὗτοι

322 748 556 835 πεποιήκασιν,
580 745 740 816 ἁπάντων
756 745 837 834 ὑμῖν
852 748 911 828 τὰς
931 757 1112 835 μαρτυρίας
1132 749 1213 818 καθ’
1239 755 1279 820 ἓν
1314 834 1317 838 ⁴

321 849 461 914 ἕκαστον
468 851 656 934 παρέξομαι.
677 853 736 914 καί
741 873 798 932 μοι
807 847 898 914 κάλει
908 845 986 935 τοάς
994 847 1163 933 μάρτυρας
1172 854 1281 932 δευρί,

650 953 923 1013 ΧΜΑΡΤΤῬΕΣ.

278 1069 312 1122 45
407 1051 484 1112 Τοῖν
499 1044 561 1131 μὲν
577 1051 693 1112 τοίνυν
710 1045 914 1131 πραγμάτων
930 1040 1089 1112 ἁπάντων
1099 1041 1276 1129 ἀκηκόατε,

321 1139 348 1212 ά
359 1144 477 1230 ἄνδρες
486 1146 647 1230 δικασταὶ,
659 1146 713 1211 καὶ
723 1151 793 1211 τῶν
803 1146 836 1222 ἐξ
847 1140 949 1230 ’ἀρχῆς
959 1147 1190 1230 γεγενημένων
1201 1148 1278 1246 περί
1291 1190 1312 1237 ¹-

319 1242 380 1313 τὸν
389 1251 515 1330 κλῆρον
525 1251 645 1310 τοῦτον
655 1245 710 1311 καὶ
720 1251 787 1310 τῶν
798 1241 941 1326 ὕστερον
952 1242 1165 1329 συμβάντων,
1184 1246 1277 1310 έπει-

320 1342 360 1430 δή
378 1344 512 1430 τάχιστα
530 1342 591 1429 τήν
608 1348 702 1429 λῆξιν
712 1340 811 1429 Ιἡμεῖς
826 1343 1062 1428 ἐποιησάμεθα.
1096 1338 1217 1409 λοιπὸν
1238 1336 1272 1410 δ’
1285 1358 1346 1414 1094

319 1443 386 1514 ἐστὶ
396 1450 473 1528 περί
481 1469 516 1511 τε
525 1451 582 1529 τῆς
591 1447 825 1529 διαμαρτυρίας
834 1437 936 1526 αὐτῆς
944 1448 1048 1508 εἰπεῖν
1056 1443 1112 1508 καὶ
1120 1443 1195 1526 περὶ
1204 1447 1273 1508 τῶν

318 1543 431 1630 νόμων
459 1540 539 1611 καθ’
554 1539 613 1619 οδς
624 1538 779 1626 άξιοῦμεν
788 1548 1023 1627 κληρονομεῖν·
1044 1540 1147 1626 ἔτιδὲ,
1160 1536 1273 1626 άνέγτ

316 1651 407 1730 χωρῇ
417 1641 454 1710 τό
467 1642 559 1725 ὕδωρ
570 1642 625 1708 καὶ
636 1639 680 1726 μή
692 1643 862 1725 μέλλωμεν
871 1637 952 1725 ὑμῖν
964 1643 1125 1724 ἐνοχλεῖν,
1144 1641 1272 1733 ἐξελέγ-

316 1748 368 1821 ξαι
385 1738 424 1807 τά
441 1736 508 1806 ὑπὸ
524 1738 655 1805 τούτων
667 1739 899 1824 ῥηθησόμενα,
917 1738 971 1806 ’ὅτι
982 1737 1060 1806 οὔτε
1071 1744 1180 1806 δίκαια
1191 1736 1270 1808 οὔτε

316 1837 427 1925 άληθῆ
445 1839 541 1904 ἐστιν.
575 1837 630 1903 καὶ
646 1844 779 1921 πρῶτον
789 1835 921 1923 μὲντὴν
933 1841 1171 1923 διαμαρτυρίαν
1183 1835 1269 1906 άνα-

316 1936 442 2021 γνώτω,
454 1938 509 2003 καὶ
519 1936 651 2022 σφόδρα
661 1933 721 2002 τὸν
730 1942 815 2002 νοῦν
824 1932 909 2024 αὐτῇ
917 1938 1104 2022 προσέχετε·
1117 1941 1190 2023 περὶ
1202 1935 1268 2025 γάρ

315 2031 465 2121 ταύτηςή
478 2041 588 2121 ψῆφος
599 2033 791 2119 οίσθήσεται
801 2040 886 2101 νυνί.

573 2165 582 2182 *
626 2134 950 2202 ΔΙΑΜΛΡΓΓΡΙΑ.

273 2258 307 2314 45
402 2229 538 2301 Οὐκοῦν
550 2233 658 2320 δήπου
670 2232 973 2320 διαμεμαρτύρηκεν
984 2232 1114 2320 οὑτοσὶ,
1128 2233 1171 2314 ὡς
1182 2234 1266 2323 άκη-

313 2330 422 2418 κόατε,
435 2330 479 2418 μὴ
491 2334 638 2400 ἐπίδικον
651 2331 734 2400 εἶναι
745 2331 805 2400 τόν
815 2340 941 2418 κλῆρον
951 2332 1011 2402 τὸν
1019 2331 1194 2421 Ἀρχιάδου
1205 2333 1265 2403 ὄν-

312 2456 380 2498 των
396 2427 488 2522 αὐτῷ
504 2435 633 2499 παίδων
649 2443 796 2518 γνησίων
813 2439 935 2517 κυρίως
951 2431 1034 2500 κατά
1051 2432 1260 2521 τὸνθεσμόν.

312 2528 514 2615 ἐξετάσωμεν
529 2537 645 2597 τοίνυν
661 2536 690 2597 εί
699 2533 782 2599 είσὶν
792 2526 815 2617 ή
825 2531 865 2598 τά
875 2536 982 2617 ψευδῆ
996 2533 1263 2619 διαμεμαρτύρησ

311 2652 371 2695 κεν
388 2625 510 2695 οὑτοσί.
544 2625 561 2695 ὁ
580 2629 643 2712 γάρ
652 2625 822 2714 Ἀρχιάδης
833 2631 972 2714 ἐκεῖνος,
996 2623 1040 2698 οά
1051 2628 1261 2719 έστινὸκλή-

312 2750 385 2810 ρος,
408 2726 582 2810 ἐποιήσατο
600 2724 677 2792 υίὸν
686 2725 745 2793 τὸν
757 2735 818 2793 τοῦ
829 2730 1173 2816 διαμεμαρτυρηκότος
1183 2733 1262 2800 νυνὶ

311 2816 462 2892 πάππον·
495 2825 618 2900 ἐκεῖνος
641 2820 672 2890 δ’
696 2823 923 2907 ἐγκαταλιπών
942 2825 1019 2894 υίόν
1039 2827 1261 2915 γνήσιοντὸν

310 2922 443 2991 τουτονὶ
454 2921 801 3006 πατέραΛεάστρατον
811 2927 998 3011 ἐπανῆλθεν
1009 2925 1284 3008 είςτούςἘλευ--
1327 2970 1333 2980 ι

267 3030 300 3086 47
310 3027 443 3097 σινίους.
476 3016 557 3104 μετά
574 3018 609 3085 δὲ
618 3027 721 3091 ταῦτα
731 3019 832 3100 αὐτὸς
843 3021 956 3091 οὑτοσὶ
967 3027 1180 3113 Λεώστρατος
1191 3028 1259 3095 πά-

309 3127 364 3186 λιν
374 3117 598 3202 ἐγκαταλιπών
608 3115 684 3186 νίόν
696 3117 795 3209 ᾤχετο
806 3118 965 3189 άπελθων
976 3129 1022 3202 είς
1031 3123 1090 3191 τὸν
1101 3134 1259 3213 πατρῷον

309 3214 417 3284 οἶκον·
447 3212 464 3284 ὁ
492 3213 524 3282 δ’
552 3220 821 3304 ἐγκαταλειφθεὶς
841 3217 906 3288 ὑπὸ
930 3221 1053 3289 τούτου
1073 3231 1258 3303 τελευταῖος
1287 3221 1290 3231 ’

308 3312 464 3383 ἁπάντων
472 3320 808 3404 τάνείσποιηθέντων
817 3316 1161 3407 τετελεύτηκενάπαις,
1172 3319 1258 3390 ὥστε

306 3419 453 3500 γίγνεται
467 3420 585 3501 ἔρημος
598 3414 618 3484 ὁ
636 3415 726 3497 οἶκος
734 3418 789 3484 καὶ
801 3418 1051 3504 ἐπανελήλυθεν
1060 3415 1081 3505 ἡ
1091 3430 1257 3506 κληρονο-

309 3527 368 3602 μία
385 3511 486 3582 πάλιν
503 3521 548 3593 είς
564 3513 643 3594 τοδς
657 3519 689 3595 ἐξ
706 3514 808 3602 ἀρχῆς
825 3517 985 3601 ἐγγύτατα
1006 3520 1124 3601 γένους
1145 3517 1278 3598 ὄνταςμ

264 3619 376 3691 48πο5ς
386 3607 430 3680 άν
441 3605 504 3680 οὖν
515 3623 628 3699 εἴησαν
637 3614 720 3683 κατὰ
732 3614 794 3701 τήν
805 3619 1043 3701 διαμαρτυρίαν
1055 3621 1136 3697 υἱεῖς
1146 3622 1193 3686 ἔτι
1203 3644 1256 3685 τι·

306 3709 359 3787 νὲς
369 3717 416 3796 τῷ
422 3709 590 3799 Ἀρχιάδη,
604 3703 632 3801 ᾦ
643 3717 678 3782 οί
685 3718 746 3800 μὲν
758 3717 1002 3801 εἰσποιηθέντες
1013 3712 1255 3802 ὁμολογοῦνται
