3159 4409
315 501 379 566 ιοο
433 545 437 559 .
563 465 1011 581 [Λααοεοεαονεγ

317 675 531 749 συγχωρεῖτε,
554 661 694 746 ἐρωτᾶτε
711 655 757 744 δ’,
780 657 825 739 ἀς
839 657 1077 747 ἀπαγγέλλεται
1094 661 1181 747 πρὸς
1202 665 1269 750 ἐμὲ,

271 778 307 832 40
315 768 365 841 τίς
374 753 438 829 ούν
448 756 553 826 αὐτόν
563 756 685 826 κωλύει
695 770 849 843 παρεῖναι
860 759 1028 826 καὶταῦτα
1039 759 1215 845 πράττεινς
1232 758 1268 829 τὸ

317 862 514 928 ἐπίστασθαι
524 856 758 944 αἰσχύνεσθαι,
783 848 811 924 ύ
821 855 941 944 ἀνδρες
948 854 1137 944 Ἀθηναῖοι,
1160 860 1217 926 καὶ
1232 858 1267 927 τό

316 957 457 1040 ἀναξίως
477 957 545 1028 τῶν
565 957 649 1044 ὑπὲρ
672 954 769 1043 ἀμᾶν
788 958 1078 1043 πεπολιτευμένων
1099 958 1267 1046 πράττειν,

316 1062 371 1128 καὶ
381 1059 418 1128 τό
431 1059 471 1128 τᾶ
485 1057 567 1127 ὅντα
578 1055 823 1126 ἀπολωλεκέναι
835 1054 889 1123 διά
901 1056 1057 1142 τούτους,
1076 1051 1142 1141 οἷς,
1154 1061 1212 1124 ἵνα
1223 1054 1266 1144 μή

315 1164 416 1226 διπλᾶ
432 1162 645 1226 καταθύυται
663 1155 684 1222 ἀ
705 1153 768 1225 ούκ
794 1154 957 1223 ἐδύναντο
980 1152 1084 1241 ἁπλᾶ,
1107 1159 1267 1243 ἐπείσθην

315 1253 578 1342 ὑπογράψασθαι
599 1253 659 1340 τήν
680 1247 786 1341 ἀρχήν
807 1252 865 1331 τᾶς
885 1251 1086 1341 καταβολὰς,
1115 1255 1198 1338 παρ’
1221 1247 1267 1323 ἀν

314 1352 394 1440 μετά
412 1354 474 1439 μὲν
491 1361 549 1440 τής
565 1351 723 1439 ὑμετέρας
740 1350 871 1431 εύνοίας
888 1351 1089 1438 ἀφικόμενος
1100 1359 1218 1440 μέρος,
1239 1360 1269 1421 εί

314 1456 369 1527 ᾶαὶ
381 1453 424 1539 μή
437 1452 561 1538 πάυτα,
575 1461 653 1530 ἴσως
666 1447 710 1519 ἀν
720 1458 919 1537 κομισαίμην
927 1501 935 1534 ,
956 1450 1040 1518 ὥστε
1049 1451 1156 1537 μηδὲν
1166 1450 1266 1538 ἀσγη-
1324 1518 1328 1524 .

313 1564 429 1637 μονεῖν
438 1548 475 1617 τὸ
488 1546 607 1617 λοιπὸν
617 1555 781 1636 τούβίου,
799 1545 843 1616 ἀν
856 1548 886 1616 δ’
901 1547 946 1627 ὡς
956 1554 990 1616 οί
999 1556 1103 1616 ταῦτα
1114 1552 1265 1635 λέγοντες

314 1647 446 1728 ἀξιούσί
451 1675 491 1734 με
502 1655 601 1734 έλθω,
608 1646 675 1733 ἀμα
685 1646 799 1736 ἀδοξία
810 1649 866 1716 καὶ
876 1644 997 1735 ἀπορίᾳ
1007 1650 1061 1715 καὶ
1073 1646 1171 1736 φόβφ
1183 1667 1265 1716 συν-
1294 1683 1296 1688 ·

270 1765 303 1819 41
314 1752 432 1833 έξομαι.
468 1739 517 1814 ύν
527 1744 628 1814 οὐδέν
636 1744 729 1832 ὑμεῖς
740 1751 991 1830 συλλογιζεσθε,
1013 1742 1095 1813 ἀλλά
1108 1746 1265 1831 ῥημάτωυ

313 1872 369 1930 μοι
380 1847 433 1913 καὶ
447 1854 701 1931 φιλανθρωπίας
713 1853 940 1931 φθονοῦντες,
953 1839 997 1911 ἀν
1006 1842 1095 1911 οὕτω
1105 1845 1207 1932 τύχῃ,
1219 1843 1264 1912 δι’

312 1939 399 2028 ὑμᾶς
419 1942 621 2023 περιόψεσθε
644 1942 868 2028 ἀπολόμενον·
896 1942 938 2011 ού
957 1940 1022 2028 γὰρ
1043 1938 1087 2010 ἀν
1109 1947 1265 2030 δεηθείην

313 2040 424 2108 ἀλλων
434 2034 456 2125 ή
467 2036 571 2124 ὑμῶν.
604 2043 659 2108 καὶ
670 2041 743 2109 τότε
754 2042 876 2128 φήσετε
888 2041 981 2109 δεινά
995 2047 1201 2111 πεπονθέναι
1210 2069 1262 2128 με,

313 2137 457 2227 ἀκριβῶς
478 2136 567 2224 οἶδα,
589 2137 644 2208 ὅτε
661 2137 734 2207 οὔτ’
753 2143 825 2227 ἐμοὶ
842 2142 944 2210 πλέον
960 2139 1061 2210 οὐδέν
1083 2138 1163 2208 οὔθ’
1182 2138 1263 2230 ύμῖν

311 2243 409 2307 ἐσται.
433 2236 475 2306 ού
485 2236 548 2322 γάρ
561 2237 602 2325 δή
613 2238 762 2326 χρήματά
775 2239 807 2326 γ’
822 2239 909 2309 εἷναί
916 2265 972 2326 μοι
984 2244 1192 2324 προσδοκᾶτε
1203 2243 1263 2319 ἔξω
1272 2241 1325 2298 1485

311 2344 379 2405 τῶν
397 2345 570 2424 φανερόν,
594 2329 842 2424 ύνάφίσταμαι.
876 2340 931 2407 καὶ
940 2337 980 2406 τά
991 2340 1088 2405 λοιπά
1099 2339 1264 2426 βούλομαι

312 2450 527 2523 συναγαγεῖν,
540 2436 600 2504 ἐάυ
611 2463 666 2522 μοι
677 2434 721 2523 μή
735 2443 944 2522 φιλονείκως,
956 2434 1029 2505 ἀλλ’
1041 2434 1265 2523 ἀνθρωπίνως

267 2539 303 2592 42
311 2541 393 2602 δεῖτε
405 2531 442 2600 τὰ
454 2533 538 2617 πρὸς
547 2534 676 2614 τούτοις
687 2533 844 2622 ἀσφαλῶς
854 2535 946 2603 εἶναι.
970 2532 1012 2602 ού
1023 2533 1090 2621 μήν
1098 2533 1178 2604 ούδέ
1187 2533 1261 2618 παρ’

306 2629 471 2718 Ἆρπάλου
482 2657 522 2716 με
532 2632 678 2719 λαβόντα
689 2638 824 2713 δειξετε·
847 2631 1262 2720 ούτεγᾶρήλέγχθηυούτ’

309 2735 439 2816 έλαβον.
473 2736 504 2797 εί
520 2731 556 2798 δέ
571 2729 608 2798 τὸ
626 2732 805 2817 περιφανές
821 2730 945 2818 ἀξίωμα
959 2741 1019 2818 ,τῆς
1035 2739 1160 2818 βουλῆς
1170 2731 1193 2818 ή
1203 2729 1263 2799 τόν

301 2828 433 2913 ’Ἀρειον
448 2829 559 2913 πάγον
575 2834 814 2917 προσβλέπετε,
835 2839 893 2916 τῆς
901 2829 1176 2916 Ἀριστογείτονος
1188 2839 1262 2917 κρί-

308 2947 392 3006 σεως
409 2925 678 3014 ἀναμνησθέντες
693 2930 942 3014 ἐγκαλύψασθε·
966 2928 1009 2997 ού
1025 2926 1090 3015 γᾶρ
1108 2935 1171 3014 ἔχω
1182 2929 1262 2997 τού-

307 3051 368 3093 του
379 3025 564 3111 πραότερον
576 3027 770 3115 πρόσταγμα
780 3042 849 3107 τοῖς
858 3026 983 3096 τοιαῦτ’
1003 3028 1263 3115 ἐξημαρτηκόσιν

264 3130 354 3203 43είς
370 3126 435 3210 ἐμέ.
470 3121 510 3190 ού
528 3122 592 3208 γάρ
610 3125 719 3212 δήπου
735 3141 804 3206 τοῖς
821 3126 933 3206 αύτοῑς
948 3152 986 3212 γε
1003 3127 1114 3212 λόγοις
1125 3125 1193 3194 ὑπὸ
1205 3134 1262 3214 τῆς

310 3222 410 3310 αὐτῆς
425 3231 549 3311 βουλής
564 3223 806 3310 ἀποφανθέυτα
823 3230 952 3294 ἐκεῖνον
967 3229 1028 3311 μὲν
1038 3225 1201 3312 ἀφεῖσθαι
1213 3229 1263 3292 δί-

309 3345 406 3388 καιον
426 3321 510 3391 εἶναι
531 3323 670 3410 φήσετε,
694 3326 750 3412 έμέ
772 3325 809 3393 δέ
830 3322 1051 3392 ἀπολωλέναι·
1072 3322 1134 3409 ούχ
1155 3322 1263 3403 ούτως

309 3414 401 3503 ὑμεῖς
411 3417 590 3506 ἀλογίστως
601 3428 695 3509 ἔχετε.
730 3423 807 3492 ούτε
818 3424 882 3510 γάρ
895 3421 984 3502 ἀξιος
994 3420 1070 3490 ούτε
1081 3420 1264 3509 ἐπιτήδειος

310 3514 389 3584 ούτε
406 3525 541 3607 χείρων,
563 3520 684 3609 ἀτυχής
698 3526 809 3610 μέντοι
822 3519 864 3590 δι’
878 3519 970 3607 ὑμᾶς.
1003 3519 1170 3607 ὁμολογῶ·
1194 3529 1264 3602 πᾶς

312 3612 376 3699 γάρ
399 3610 460 3682 οὐκ
482 3615 602 3706 ἀτυχής
622 3613 650 3710 ᾦ
670 3619 753 3707 πρὸς
769 3636 836 3702 τοῖς
852 3619 963 3700 ἀλλοις
978 3633 1092 3699 κακοῖς
1107 3622 1163 3688 καὶ
1180 3620 1265 3709 πρὸς
