3159 4409
482 493 620 557 ΚΑΤΑ
642 490 1073 559 ΟΛῬΜΠΙῸΔΩΡΟῬ.
1193 497 1256 564 127

302 649 385 732 τοὺς
395 654 471 738 περὶ
486 649 919 741 τοῦίσομοιρείνάπάντων
935 647 985 723 όν
994 657 1118 724 Κόνων
1131 651 1177 745 ήν
1194 685 1256 727 κα-

260 752 522 831 οοταλελοιπιός·
550 751 660 838 ἐπειδή
682 749 716 820 δ’
739 755 919 840 ἐνδιέτριβε
943 757 998 823 καὶ
1020 753 1120 824 οὐδὲν
1141 760 1254 845 ἐποίει,

305 851 501 936 διελεγόμην
510 851 618 939 τούτῳ
626 849 894 941 Ὀλυμπιοδώρῳ,
913 851 1255 944 καλήξίουνάπολαμ-

304 949 422 1037 βάνειν
441 946 478 1017 τὸ
502 953 648 1036 ἐμαυτοῦ
668 953 767 1038 μέρος
786 959 849 1018 τοῦ
870 950 1042 1038 ἀργυρίου.
1087 952 1200 1024 οὑτοσὶ
1220 954 1252 1023 δ’
1265 965 1331 1021 1173

302 1047 567 1133 Ὀλυμπιόδωρος
576 1047 631 1119 ἀεί
636 1075 667 1118 τι
675 1047 916 1134 προύφασίζετο
926 1056 981 1122 καί
989 1053 1155 1143 ἀναβολάς
1165 1058 1256 1123 ἐποι-
1370 1082 1371 1085 ’

304 1161 379 1216 εϊτο.
412 1153 466 1218 καί
482 1151 520 1216 ἐν
535 1150 644 1235 τούτῳ
659 1152 708 1237 τῷ
724 1157 830 1239 καιρῷ
847 1153 955 1236 ἕτεροί
967 1178 1055 1233 τινες
1065 1160 1184 1239 ἔλαχον
1195 1153 1256 1221 τόῦ

303 1247 430 1333 κλήρου
448 1255 509 1314 τοῦ
525 1246 701 1331 Κόνωνος,
723 1251 777 1317 καί
795 1248 812 1317 ὁ
832 1253 1026 1332 Κάλλιππος
1049 1253 1256 1341 ἐπεδήμησεν
1294 1303 1296 1306 ψ

291 1349 338 1414 ἐκ
353 1355 410 1434 τής
421 1344 620 1433 ἀποδημίας,
638 1345 656 1415 ὁ
675 1346 754 1433 ἐμός
767 1345 914 1433 ἀδελφός
929 1349 948 1418 ὁ
963 1348 1179 1439 ὁμοπάτριος·
1200 1356 1255 1421 καὶ

256 1475 291 1528 21
302 1438 401 1524 οὗτος
410 1451 524 1531 ἔλαχεν
535 1443 642 1524 εὐθὺς
651 1454 714 1514 τοῦ
724 1445 933 1533 ἡμικληρίου.
956 1451 1255 1540 καλτοότφΌλυμ-

301 1545 456 1634 πιοδώρφ
471 1543 636 1630 πρόφασις
652 1547 707 1612 καὶ
719 1544 803 1631 αὕτη
821 1548 949 1631 ἐγένετο
964 1547 1047 1633 πρὸς
1063 1547 1100 1619 τό
1111 1549 1156 1638 μή
1168 1548 1255 1618 ἀπο-

302 1645 434 1712 διδόναι
450 1670 507 1728 μοι
523 1640 559 1710 τὸ
579 1640 759 1730 ἀργύριον,
783 1643 895 1732 ἐπειδή
909 1649 1026 1714 πολλοὶ
1040 1639 1129 1733 ήσαυ
1144 1653 1180 1716 οί
1187 1648 1253 1736 ἀμ-

301 1750 551 1830 φισβητοῦντες,
562 1745 617 1811 καὶ
627 1746 690 1828 ἔφη
701 1750 824 1829 χρῆναί
830 1770 870 1829 με
882 1759 1076 1831 περιμεῖναι,
1094 1746 1155 1825 ἕως
1166 1743 1210 1814 ἀν
1220 1751 1255 1815 οί

262 1342 265 1357 Ι

300 1843 428 1930 οἰνῶνες
444 1845 613 1928 γένωνται.
644 1844 700 1910 καί
715 1844 787 1928 ἐμοὶ
803 1839 931 1931 ἀνάγκη
943 1837 989 1930 ήν
1005 1852 1109 1912 ταῦτα
1121 1866 1253 1933 συγχω-

254 1973 290 2025 22
301 1957 388 2029 ρελν,
408 1944 463 2010 καί
480 1941 704 2029 συνεχώρησα.
736 1940 817 2028 μετά
830 1943 867 2010 δὲ
883 1953 986 2011 ταῦτα
1001 1945 1251 2032 ἐβουλευόμεθα

301 2041 366 2130 ἐγω
382 2046 437 2111 καὶ
448 2039 560 2111 οὑτοσὶ
568 2039 833 2128 Ὀλυμπιόδωρος
843 2050 957 2132 κοινή,
971 2040 1081 2128 ὥσπερ
1093 2049 1148 2113 καί
1161 2043 1251 2131 ἀμό-

303 2162 424 2228 σοιμευ,
441 2140 556 2209 ὅντινα
572 2141 699 2226 τρόπον
706 2139 824 2227 ἄριστα
837 2143 891 2208 καὶ
902 2139 1133 2226 ἀσφαλέστατα
1143 2163 1250 2230 προσ-

302 2239 464 2325 οισόμεθα
486 2237 569 2323 πρός
599 2235 678 2317 τοὺς
709 2236 1009 2325 ἀμφισβητοῦντας.
1063 2243 1119 2308 καὶ
1140 2246 1252 2321 ἔδοξεν

302 2337 398 2426 ἡμῖν,
414 2333 572 2422 ἀάνδρες
588 2338 755 2420 δικασταὶ,
767 2339 900 2404 τουτουὶ
911 2338 972 2420 μὲν
983 2334 1251 2423 Ὀλυμπιόδωρον

301 2448 364 2506 τοῦ
377 2437 505 2524 κλήρου
517 2435 599 2504 ὅλου
610 2433 840 2520 ἀμφισβητεῖν,
853 2434 956 2518 ε’μὲδὲ
967 2441 1028 2500 τοῦ
1042 2432 1249 2521 ἡμικληρίου,

300 2535 412 2622 ἐπειδὴ
431 2538 486 2604 καί
497 2533 690 2613 Κάλλιππος
706 2530 724 2600 ὁ
743 2530 888 2618 ἀδελφός
904 2529 922 2600 ὁ
941 2529 1018 2618 ἐμός
1032 2541 1095 2599 τοῦ
1110 2531 1251 2622 ήμικλη-

254 2642 376 2726 η3ρίου
386 2635 493 2722 μόνον
501 2632 707 2720 ήμφισβήτει.
737 2633 792 2700 καί
808 2630 919 2719 ἐπειδή
931 2630 1158 2719 ἀνεκρίθησαν
1169 2635 1252 2723 πρός
1280 2636 1283 2651 ”
1306 2625 1314 2633 ’

294 2741 345 2825 τῷ
357 2733 492 2820 ἀρχοντι
503 2733 627 2801 ἀπασαι
644 2737 681 2800 αλ
697 2732 956 2820 ἀμφισβητήσεις
973 2736 1027 2802 καὶ
1044 2739 1110 2813 ἔδει
1128 2733 1252 2819 ἀγωνί-

299 2839 416 2915 ζεσθαι
426 2836 465 2901 έν
474 2841 522 2922 τῷ
533 2837 748 2921 δικαστηρίω,
762 2830 987 2915 ἀπαράσκευοι
998 2826 1082 2920 ήμεν
1091 2833 1128 2901 τὸ
1141 2833 1251 2918 παρό-

298 2955 367 3000 παν
377 2929 460 3018 πρὸς
475 2931 513 3001 τὸ
524 2932 588 3018 ήδη
605 2929 826 3018 ἀγωνίζεσθαι
842 2931 905 3016 ἐγώ
917 2931 1251 3019 καὶὍλυμπιόδωρος

298 3031 413 3101 οὑτοσί
429 3028 483 3099 διά
500 3029 537 3099 τὰ
556 3035 712 3118 ἐξαίφνης
731 3035 990 3100 ἐπιπεπτωκέναι
1005 3031 1086 3120 ήμῖν
1106 3029 1251 3110 πολλοὺς

297 3131 379 3211 τοὺς
396 3128 695 3217 ἀμφισβητοῦντας.
729 3133 765 3198 ἐκ
783 3131 819 3199 δέ
834 3139 902 3198 των
919 3129 1138 3216 ὑπαρχόντων
1154 3133 1250 3198 ἐσκο-

298 3239 429 3318 ποῦμεν
440 3236 554 3317 κοινῇ,
574 3240 606 3298 εί
620 3254 689 3308 πως
703 3228 852 3316 ἀναβολή
862 3257 911 3308 τις
920 3233 1049 3314 γένοιτο
1060 3231 1096 3295 ἐν
1106 3235 1153 3318 τῷ
1163 3251 1250 3314 παρ-

298 3329 381 3415 όντι,
397 3327 479 3396 ὥστε
494 3329 815 3414 παρασκευάσασθαι
828 3326 914 3414 ἡμᾶς
931 3325 1006 3395 καθ’
1017 3324 1157 3414 ἡσυχίαν
1168 3327 1250 3414 πρὸς

252 3429 358 3509 χςτόν
375 3427 500 3516 ἀγῶνα.
533 3432 589 3497 καὶ
608 3430 690 3498 κατά
708 3429 814 3517 τύχην
830 3427 904 3496 τινά
923 3431 980 3496 καὶ
996 3433 1136 3516 δαίμονα
1157 3428 1250 3517 ὑμεῖς

297 3526 474 3615 ἐπείσθητε
485 3526 551 3595 ὑπό
563 3537 632 3597 τῶν
642 3529 793 3617 ῥητόρων
805 3535 850 3605 είς
858 3526 1077 3612 Ἀκαρνανίαν
1090 3528 1250 3615 στρατιω-

297 3655 356 3707 τας
373 3631 567 3714 ἐκπέμπειν,
599 3630 656 3696 καὶ
671 3632 736 3696 ἔδει
757 3629 813 3695 καὶ
833 3628 965 3695 τουτουὶ
982 3626 1326 3715 Ὀλυμπιόδωρον1174

297 3726 615 3815 στρατεύεσθαι,καὶ
626 3725 726 3816 ᾤχετο
738 3723 820 3812 μετὰ
832 3734 899 3794 των
910 3724 1021 3799 ἀλλων
1030 3726 1250 3814 στρατευόμε-
