3159 4409
307 481 350 546 νο
505 485 595 541 κιαι.
618 479 1059 558 [ΔΗΜοΣονΝονΣ]

309 747 379 820 πῶς
389 739 507 827 γάρσδ
518 740 629 826 οίσθα,
650 742 704 808 καὶ
715 747 782 807 ποῦ
794 740 1063 826 παραγενόμενος
1074 740 1262 825 διατιθεμέ-

309 865 358 930 νῳ
376 848 424 929 τῷ
440 846 553 927 πατρίς
581 845 791 923 κακοτεχνῶν
810 840 845 906 δέ
857 846 970 923 φαίνει
986 842 1058 921 περὶ
1072 837 1130 917 τὰς
1141 838 1265 924 διαθη-

310 966 385 1023 κας,
399 938 439 1006 τά
451 943 560 1026 ψευδῆ
570 941 631 1025 μὲν
645 931 745 1015 αὐτός
754 945 936 1022 μαρτυρεῖν
948 940 1099 1023 ἑτοίμως,
1111 941 1264 1005 κλέπτων

310 1037 346 1105 δέ
357 1038 415 1117 τάς
425 1036 562 1124 άληθείς
573 1042 766 1124 μαρτυρίας,
773 1038 946 1116 έξαπατολν
957 1036 993 1102 δὲ
1004 1033 1083 1113 τούς
1095 1035 1263 1127 δικαστάς,

311 1137 550 1223 συνιστάμενος
567 1133 598 1202 δ’
614 1137 666 1203 ἐπὶ
678 1150 749 1213 ταίς
765 1138 879 1212 δίκαις.
914 1139 948 1200 οί
960 1135 995 1202 δέ
1013 1134 1111 1219 νόμοι
1121 1137 1177 1201 καλ
1188 1136 1264 1217 περὶ

219 1230 221 1234 “
267 1243 377 1303 26va
388 1233 549 1302 τοιούτων
560 1231 696 1321 γραφὴν
704 1233 933 1319 πεποιήκασιν.
956 1240 1015 1300 καί
1022 1258 1079 1319 μοι
1087 1233 1265 1325 άυάγνωθι

311 1331 498 1419 τδννόμον.
605 1400 606 1403 ,
840 1367 842 1371 ·

691 1423 866 1484 ΝΟΜΟΣ.

396 1513 483 1601 [Ἐάν
498 1545 541 1594 τις
552 1527 719 1600 συνιστῆται
735 1513 756 1599 ἢ
779 1517 942 1606 συνδεκάζῃ
961 1514 1016 1601 τὴν
1034 1513 1155 1604 ἡλιαίαν
1170 1513 1193 1599 ἦ
1206 1525 1265 1582 τῶν

354 1606 549 1687 δικαστηρίων
565 1629 593 1666 τι
603 1610 661 1666 τῶν
676 1600 838 1700 Ἀθήνησιν
851 1598 871 1684 ἢ
882 1600 936 1686 τὴν
947 1597 1059 1686 βουλὴν
1072 1603 1119 1665 έπλ
1134 1604 1264 1686 δωροδο-

354 1690 405 1772 κίρι
416 1685 547 1768 χρήματα
558 1681 661 1761 διδοδς
671 1682 692 1768 η’
703 1684 867 1791 δργόμενος,
887 1683 907 1768 ἢ
926 1689 1068 1769 ἑταιρείαν
1085 1692 1206 1772 συνιστῇ
1218 1687 1265 1749 έπλ

355 1769 509 1833 καταλύσει
526 1775 578 1832 τοῦ
590 1766 700 1850 δήμου,
718 1797 738 1851 η
751 1768 913 1853 συνήγορος
930 1766 972 1834 τόν
985 1767 1121 1856 λαμβάνη
1132 1767 1266 1854 χρήματα

356 1855 403 1916 έπλ
412 1862 477 1928 ταῖς
488 1856 583 1927 δίκαις
595 1862 659 1928 ταῖς
674 1848 793 1933 ἰδίαιςῆ
811 1857 978 1935 δημοσίαις,
996 1855 1108 1918 τούτων
1125 1852 1202 1918 εἶναι
1212 1849 1266 1928 τδις

355 1933 474 2019 γραφάς
486 1931 560 2021 πρὸς
573 1931 641 2011 τοὺς
650 1937 855 2017 θεσμοθέτας]

271 2049 304 2105 27
393 2029 514 2111 Ἡδέως
524 2027 569 2098 άν
578 2037 694 2099 τοίνυν
705 2029 791 2119 ὑμᾶς
807 2034 942 2120 ἐροίμην
953 2036 1006 2102 ἐπὶ
1016 2036 1149 2113 τούτοις
1160 2033 1264 2102 ἅπασι

314 2128 396 2200 κατά
409 2137 524 2209 ποίους
535 2129 661 2216 νόμους
671 2129 882 2218 ὀμωμοκότες
893 2134 1055 2219 δικάζετε,
1067 2136 1192 2220 πότερα
1203 2162 1266 2203 κα-

313 2229 354 2298 τά
368 2229 445 2308 τους
455 2237 512 2315 τῆς
523 2229 648 2309 πόλεως
658 2226 681 2318 ἦ
692 2229 767 2299 καθ’
779 2229 839 2310 οδς
849 2239 1007 2321 Φορμίων
1017 2232 1109 2322 αὑτῷ
1119 2243 1268 2320 νομοθε-

315 2342 372 2397 τεῑ.
394 2325 461 2413 έγοδ
474 2331 535 2414 μὲν
546 2335 663 2398 τοίνυν
673 2331 814 2409 τούτους
824 2334 1005 2417 παρέχομαι
1016 2330 1112 2419 ὑμῖν,
1130 2334 1185 2401 καλ
1197 2334 1268 2412 έξε-

316 2431 420 2514 λέγχω
432 2426 556 2508 αὐτούς
567 2426 775 2515 ἀμφοτέρους
786 2431 1068 2517 παραβεβηκότας,
1086 2438 1268 2518 Φορμίωνα

224 2677 228 2685 «
316 2625 356 2695 τά
374 2628 539 2713 χρήματα,
562 2624 585 2693 δῖ
601 2625 618 2694 ὁ
637 2624 743 2712 πατὴρ
759 2625 838 2714 ἡμῖν
860 2629 1011 2697 κατέλιπε
1033 2630 1087 2695 καὶ
1104 2629 1270 2714 ἐμίσθωσε

316 2725 422 2815 τούτῳ
439 2723 519 2810 μετά
531 2733 588 2811 τῆς
605 2731 763 2812 τραπέζης
778 2730 834 2796 καλ
850 2736 912 2795 τοῦ
928 2729 1162 2815 ἐργαστηρίου,
1186 2731 1271 2795 Στέ-

318 2851 430 2910 φανον
440 2828 475 2891 δὲ
486 2827 620 2893 τουτονὶ
636 2823 676 2892 τά
696 2831 802 2913 ψευδῆ
821 2827 1094 2914 μεμαρτυρηκότα
1110 2829 1165 2894 καὶ
1180 2825 1270 2912 παρά

317 2950 378 2991 τον
394 2949 509 3009 νομον.

276 3047 310 3101 28
366 3080 368 3084 .
394 3023 506 3103 ’Ἁξιον
517 3030 643 3108 τοίνυν,
659 3017 821 3113 ιδάνδρες
832 3028 998 3111 δικασταὶ,
1011 3029 1066 3094 καλ
1079 3024 1155 3094 τόδε
1166 3028 1273 3094 ἐνθυ-

318 3129 483 3208 μηθῆναι,
512 3122 563 3190 ότι
592 3127 764 3211 διαθηκῶν
792 3120 902 3203 οὐδεὶς
929 3122 1061 3192 πώποτε
1083 3122 1272 3209 άντίγραφα
1306 3206 1309 3218 ὶ

318 3221 510 3307 ἐποιήσατο,
538 3218 620 3300 ἀλλά
638 3228 846 3309 συγγραφῶν
862 3221 940 3310 μέν,
963 3227 1019 3290 ἵνα
1039 3228 1151 3292 εἰδῶσι
1161 3221 1271 3310 καὶμὴ

249 3333 253 3338 ’
320 3325 559 3404 παραβαίνωσι,
577 3324 751 3407 διαθηκῶν
762 3319 799 3389 δέ
809 3319 861 3388 οὕ.
889 3320 1012 3390 τούτου
1023 3320 1087 3407 γάρ
1099 3325 1198 3391 ἕνεκα
1208 3349 1273 3390 κα-

321 3421 532 3484 ταλείπουσιν
550 3421 584 3485 οί
598 3421 840 3507 διατιθέμενοι,
862 3423 918 3487 ἵνα
934 3424 1048 3507 μηδεὶς
1064 3426 1136 3509 είδῇ
1157 3419 1179 3489 δι’
1198 3427 1273 3490 δια·
1300 3475 1303 3481 1

321 3521 477 3583 τίθενται.
499 3523 569 3597 πῶς
585 3509 648 3584 οὖν
659 3513 752 3604 ὑμεῖς
772 3526 841 3586 λ’στε
853 3517 904 3586 ὅτι
920 3516 1108 3606 άντίγραφά
1125 3521 1193 3587 ἐστι
1202 3528 1272 3588 τοῖν

322 3619 495 3702 διαθηκῶν
514 3624 582 3687 τῶν
602 3623 777 3698 Πασίωνος
797 3615 838 3686 τά
861 3620 898 3686 έν
914 3627 961 3709 τῷ
980 3625 1190 3710 γραμματείῳ
1214 3645 1273 3706 γε-

321 3719 506 3803 νονννέναι
605 3815 606 3818 ρ
