3159 4409
315 473 376 541 ιτα
469 496 477 516 x
549 476 578 535 τ.
612 432 1029 533 παποεοεαουε

303 637 368 719 ’καὶ
378 641 426 723 66
439 633 565 719 στόματι
572 627 783 700 κινδυνεύων
791 633 1022 699 συνεπιπλέων
1027 680 1037 716 ,
1054 638 1123 699 τῶν
1133 637 1268 701 οίιιείων

313 759 369 820 μοι
390 729 593 817 πραγμάτων
610 723 772 797 τοιοότων
793 729 1053 815 συμβεβηκότων
1066 733 1105 798 ἐν
1124 737 1173 820 τῷ
1189 728 1267 798 ’τότε

268 847 303 901 60
313 839 418 922 καιροῦ
429 828 512 898 ὥστε
520 827 610 916 ῦμάς
619 824 663 896 66
675 825 883 949 άκοῦσαντης
893 831 1032 914 ἐλεῆσαι.
1052 855 1072 914 η
1061 826 1145 913 μέν
1154 851 1194 913 γε
1202 830 1267 915 μή·

313 956 372 1051 τηρ
396 935 517 1050 ἔκαμνε
541 929 597 996 καὶ
622 919 861 1006 ἐπιθάνατος
838 952 882 1044 ην
901 929 984 1012 ἐμοῦ
1003 924 1332 1013 ἀποδημοῦντος,ῐῦ

314 1028 398 1098 ὥστε
414 1055 459 1115 μη
448 1020 685 1095 δόνασῦαι”
662 1052 706 1094 αν
722 1030 770 1094 ἔτι
787 1023 895 1111 αότηυ
910 1030 1088 1111 βοηθῆσαι·
1093 1037 1162 1103 τοῖς
1177 1027 1309 1111 ἕμολς

312 1129 503 1213 πράγμασιν
519 1124 742 1212 ἀνηλωμένοις
758 1121 834 1193 ἀλλ’
853 1151 874 1210 η
861 1119 1031 1210 ἰβραχέα.
1058 1121 1240 1203 ἑκταῖος
1200 1149 1266 1211 γαρ

311 1226 604 1347 ἥηωνέτόγχανον,
615 1231 786 1310 καλὲκείνη
796 1224 1266 1311 ίδοῦσάμεκαίπροσειποῦσα

311 1324 372 1412 την
382 1306 493 1444 66666
503 1321 643 1410 ἀφῆκεν,
656 1321 822 1392 οὐκέτι
775 1349 845 1390 των
855 1320 964 1390 όντων
973 1327 1074 1444 κυρία
1085 1314 1172 1390 οάσα
1183 1320 1267 1391 ὥστε

300 1421 461 1492 ’δουναι
441 1441 503 1490 οσα
513 1419 671 1509 εβονλετο
682 1434 746 1506 μοι.
781 1420 941 1499 πολλακις
951 1420 997 1488 δὲ
997 1421 1165 1506 προτερον
1171 1444 1267 1506 μετε-

217 1574 220 1579 ,
312 1522 455 1609 πέμπετό
467 1547 517 1608 με,
529 1517 711 1605 ἀφικέσθαι
722 1516 914 1606 δεομένη’
872 1517 1026 1605 αντδν,εί
1034 1517 1078 1604 μὴ
1090 1526 1131 1607 τῇ
1140 1518 1268 1605 τριήρει

269 1639 301 1693 61
313 1617 387 1690 οἷόν
398 1619 428 1688 τ’
443 1631 502 1707 εἴη.
522 1618 543 1707 6
556 1624 591 1687 δὲ
601 1618 704 1707 γυνη,-
716 1614 759 1704 66
770 1616 834 1704 ἐγώ
846 1622 921 1704 περὶ
931 1625 1087 1689 πλείστου
1097 1624 1267 1704 ποιοῦμαι,

313 1717 466 1797 ἀσθενῶς
482 1721 617 1785 διέκειτο
636 1717 744 1785 πολῦν
760 1716 885 1836 χρόνον
901 1718 938 1783 ἐν
953 1743 993 1803 τη
980 1717 1071 1803 ἐμῇ
1082 1715 1266 1802 ἀποδημίςι
1311 1762 1313 1768 -

313 1837 353 1885 τα
341 1815 400 1884 δδ
410 1821 523 1884 παιδία
534 1813 666 1937 μικρά,
674 1811 739 1901 66'
751 1811 881 1881 ουσία
860 1837 1048 1899 υποχρεως
1070 1811 1246 1901 ἡδὲγῆ’
1205 1841 1266 1902 ουη

266 1986 271 1995 ,
313 1914 404 1994 ὅπως
415 1912 488 1980 τινά
499 1912 632 2032 καρπόν
643 1900 801 1999 ἤνεγκεν,
820 1911 903 1982 ἀλλά
914 1911 1013 1982 καί
979 1939 1016 1982 το
1028 1912 1121 2036 ὕδωρ
1134 1917 1171 1982 ἐν
1181 1917 1267 1982 ἐκεί-

314 2038 363 2102 νω
373 2039 419 2102 τω
405 2009 631 2100 ἐνιαυτω,
608 2037 651 2091 ως
662 2035 782 2090 παντες
795 2021 880 2097 ίστε,
898 2015 935 2080 ἐκ
946 2038 1014 2080 των
1024 2038 1180 2099 φρεατων
1191 2015 1268 2082 ἐπέ-

314 2079 465 2196 λιπεά,“
439 2131 521 2178 ωστε
534 2113 616 2232 μηδὲ
630 2110 777 2231 λάχανον
786 2113 946 2231 γενέσθαι
955 2113 1028 2180 ἐν
1003 2118 1048 2200 τῷ
1058 2113 1169 2230 6666·
1189 2111 1311 2180 0666

315 2201 583 2288 δεδανεικότες
553 2235 650 2333 ηκον
657 2211 709 2276 ἐπὶ
718 2207 799 2289 τοῦς
809 2209 944 2295 τόκους,
965 2207 1104 2296 ἐπειδη
1089 2236 1107 2277 ο
1119 2208 1268 2290 ἐνιαυτός

315 2312 507 2395 gemmet
476 2335 560 2396 μη
571 2335 620 2387 τις
630 2303 769 2396 αποδοιη
781 2323 893 2387 αυτοις
903 2335 986 2376 κατα
995 2335 1052 2388 τας
1061 2310 1266 2397 συγγραφάς

271 2429 304 2482 62
315 2399 365 2474 66
375 2405 543 2476 ἀκούοντά
554 2434 595 2494 με
606 2410 661 2476 καὶ
671 2405 760 2495 παρά
772 2416 840 2476 τῶν
851 2405 1107 2494 ἀφικνουμένων
1115 2409 1216 2499 λόγω,
1228 2407 1267 2477 τά

315 2505 416 2574 δὲκαὶ
427 2503 470 2573 δι’
484 2509 668 2575 ἐπιστολῶν
678 2504 767 2592 παρὰ
779 2515 848 2575 νῦν
858 2514 1006 2601 vinetum,
1017 2516 1091 2577 τίνα
1103 2534 1143 2594 με
1154 2518 1267 2577 οίεσδε

314 2603 425 2691 ψυχὴν
434 2601 552 2691 ἔχεινῆ
564 2606 654 2673 πόσα
665 2605 795 2694 δάκρυα
805 2603 955 2692 ἀφιέναι,
977 2631 1018 2674 τα
1031 2605 1070 2692 μ
1071 2633 1092 2673 6
1102 2606 1268 2694 ἐκλογιζό-

240 2736 246 2745 =
313 2728 416 2788 μενον
432 2706 592 2790 περὶτῶν
612 2705 805 2790 παρόντων,
829 2703 869 2770 τά
887 2706 988 2772 δὲκαὶ
998 2711 1173 2774 ποθοῦντα
1184 2710 1269 2774 ίδετν

313 2801 430 2869 παιδία
446 2802 501 2868 καὶ
518 2816 659 2886 γυναῖκα
670 2806 726 2871 καὶ
736 2807 885 2889 μητέρα,
899 2800 943 2889 66
952 2802 1015 2889 ἐγω
1028 2803 1070 2872 06
1080 2803 1204 2885 πολλάς
1213 2807 1269 2874 ε’λ-

314 2905 412 2979 πίδας
428 2898 517 2984 εἶχον
532 2905 640 2980 ζῦσαν
656 2903 926 2988 καταλήψεσθαις
948 2895 998 2971 66
1014 2910 1048 2971 τί
1060 2901 1158 2990 ἥδιόν
1179 2906 1269 2973 ἐστιν

314 2997 502 3090 ἀνθρώπῳ,
524 2996 546 3086 6
563 3009 626 3068 τοῦ
643 2998 731 3069 ἕνεκ’
754 3000 798 3068 66
813 3027 861 3080 τις
873 3000 1001 3082 εὔξαιτο
1011 3002 1142 3071 τούτων
1151 3021 1269 3088 στερη-

314 3102 472 3183 θελςζῆνς
1027 3127 1029 3131 ·
1065 3122 1068 3134 ·

271 3224 304 3278 63
400 3197 695 3268 Τοιούτωυτοίνυυ
704 3225 760 3286 μοι
769 3201 1105 3287 σνμβεβηκότωυτν
1114 3201 1269 3287 πραγμά-

313 3295 396 3378 των,
418 3297 460 3364 06
477 3302 552 3383 περὶ
568 3305 720 3378 πλείονος
736 3299 941 3386 ἐποιησάμην
958 3296 998 3366 τά
1011 3303 1156 3386 ἐμαυτοῦ
1167 3297 1269 3385 ίδιανῖ

314 3388 353 3457 τά
364 3389 526 3483 ὑμέτερα,
550 3394 624 3466 ἀλλ’
643 3394 797 3485 ἡγούμην
815 3404 886 3467 δεῖν
901 3400 956 3466 καὶ
965 3397 1141 3485 χρημάτων
1150 3395 1268 3467 ἀναλι-

315 3491 487 3575 σκομίνων
505 3503 662 3581 κρείττων
673 3495 765 3565 ἐἶναι
782 3499 838 3565 καὶ
855 3504 923 3563 τῶν
934 3505 1021 3564 οίκοι
1031 3494 1269 3583 ἀμελουμένων
1284 3551 1297 3577 ρ

315 3590 369 3657 καὶ
379 3589 538 3674 γυναικός
548 3596 603 3663 καὶ
613 3593 734 3682 μητρός
744 3593 927 3680 νοσούσης,
948 3593 1032 3663 ὥστε
1043 3596 1123 3682 μήτε
1134 3593 1197 3683 τὴν
1207 3597 1271 3663 τά·
1319 3640 1323 3655 ·

316 3691 366 3766 ξιν
384 3687 597 3760 αἰτιάσασθαι
608 3697 651 3779 με’
659 3719 733 3762 τινα
743 3703 852 3788 λιπεῖν
861 3693 942 3780 μήτε
952 3693 1015 3781 την
1024 3696 1142 3783 τριήρη
1152 3703 1195 3784 τῇ
1205 3695 1270 3764 πό·
1279 3713 1334 3771 166
