3159 4409
292 507 355 571 222
505 509 571 566 ιιι.
612 503 1026 566 ΔιιιιοΣοτΝονΣ
1146 488 1152 496 ’

294 666 331 736 τό
345 670 480 754 βέβαιον
490 671 687 752 προῖέμεθα;
708 659 805 748 ὑμῖν,
828 654 856 728 ό
867 660 1160 746 ἄνδρεςδικασταλ,
1183 663 1238 731 καὶ

295 783 362 847 τοῖς
378 768 491 853 νόμοις
507 781 573 844 τοῖς
583 763 767 851 δμετέροις,
789 769 824 831 οἳ
832 763 1041 849 κελεύουσιν,
1063 761 1126 831 ὅσα
1138 762 1182 831 ἄν
1192 790 1238 843 τις

296 865 382 934 ἑκών
398 867 506 949 ἔτερος
521 867 617 951 ἑτέρῳ
629 860 832 948 ὁμολογήσῃ,
853 858 1055 945 κόριαεῖναι.
1088 857 1174 928 ιἰλλοὶ
1183 854 1247 947 μοι

296 969 390 1032 δοκεῖ
403 962 479 1031 οὔτε
495 971 563 1030 τοῖν
572 962 687 1047 νόμων
699 958 775 1027 οὔτε
787 965 982 1044 συγγραφῆς
991 957 1147 1045 οὐδεμιᾶς
1157 958 1237 1044 ὄφε-

295 1070 352 1140 λος
369 1060 452 1128 εἶναι
470 1058 583 1143 οὐδὲν,
606 1055 650 1126 όν
666 1054 925 1144 ὁλαμβόνωντόι
935 1056 1083 1143 χρήματα
1092 1055 1137 1143 μὴ
1149 1057 1236 1124 πόνυ

296 1164 421 1236 δίκαιος
436 1150 457 1247 ᾖ
473 1155 533 1225 τὸν
548 1157 674 1243 τρόπον
687 1160 742 1224 καὶ
759 1161 854 1224 δυοῖν
870 1154 1044 1241 θοίτερον,Ι
1053 1151 1077 1242 ἢ
1084 1152 1174 1242 ὑμεῖς
1184 1160 1236 1223 δε-

269 1256 373 1335 semis
389 1252 411 1341 ἦ
428 1255 487 1323 τόν
503 1254 715 1342 συμβαλόντα
726 1254 969 1340 αἰσχυνόμενος.
1002 1246 1049 1321 ὧν
1063 1254 1236 1338 οὐδέτερον
1253 1301 1256 1310 ι

296 1357 450 1441 πρόσεστι
462 1352 707 1443 Διονυσοδώρῳ
719 1353 844 1443 τούτῳ,
857 1350 930 1420 ἄλλ’
943 1359 988 1432 εἰς
998 1360 1159 1420 τοσοῦτον
1168 1352 1236 1437 ἥκει

295 1453 417 1540 τόλμης
428 1451 510 1521 ὥστε
522 1453 754 1538 δανεισάμενος
762 1448 835 1536 παρ’
847 1449 941 1538 ἡμῶν
949 1453 999 1518 ἐπὶ
1008 1459 1048 1539 τῇ
1055 1455 1234 1537 νηὶτρισχι-

295 1562 366 1632 λίας
384 1552 528 1637 δραχμὰς
544 1549 596 1637 ἐφ’
619 1543 647 1642 ᾧ
661 1577 696 1619 τε
712 1551 773 1636 τὴν
789 1557 876 1639 ναόν
887 1547 1234 1633 καταπλεῖνἎθήναζε,

295 1653 350 1719 καὶ
367 1652 444 1718 δέον
460 1649 544 1736 ἡμεῖς
562 1653 599 1718 ἐν
613 1658 655 1737 τῇ
671 1654 810 1734 πέρυσιν
822 1646 893 1736 ὥρα
902 1654 1098 1734 κεκομίσθαι
1108 1645 1149 1715 τὰ
1159 1647 1235 1734 χρή-

296 1773 396 1833 ματα,
419 1748 481 1832 τήν
497 1751 558 1833 μὲν
568 1754 654 1814 ναῦν
668 1754 713 1826 είς
720 1747 832 1814 Ἡλδον
842 1746 1034 1833 κατεκόμισε
1045 1748 1100 1814 καὶ
1111 1744 1235 1830 τὸνγό-

295 1871 360 1932 μου
377 1848 479 1912 ἐκεῖσε
497 1844 684 1930 ἐξελόμενος
700 1842 840 1913 ἀπέδοτο
858 1843 947 1930 παρὰ
963 1845 1024 1930 τὴν
1041 1841 1235 1930 συγγραφὴν

295 1946 350 2011 καλ
365 1941 442 2021 τοὺς
453 1941 578 2028 νόμους
589 1941 667 2021 τούς
678 1938 872 2028 ὑμετέρους,
895 1948 930 2010 ἐκ
942 1945 978 2010 δὲ
988 1939 1164 2028 τῆςῬόδου
1176 1941 1236 2008 πό-

295 2051 349 2110 λιν
366 2038 533 2109 ἄπέστειλε
543 2038 606 2126 τὴν
617 2047 704 2108 ναῦν
715 2046 760 2119 είς
769 2050 941 2126 Αίγυπτον
952 2037 1109 2108 κάκεῖθεν
1122 2036 1236 2118 είςῬό-

296 2145 372 2226 δον,
388 2136 467 2226 ἡμῖν
479 2139 515 2207 δέ
525 2153 594 2218 τοῖς
600 2136 759 2225 Ἀθήνησι
769 2143 959 2207 δανείσασιν
969 2136 1099 2207 οὐδέπω
1110 2140 1166 2205 καί
1176 2145 1236 2205 νῦν

295 2237 372 2306 οὔτε
388 2235 429 2305 τδι
445 2238 594 2326 χρήματα
612 2235 816 2306 ἀποδίδωσιν
832 2237 908 2306 οὔτε
924 2237 961 2306 τό
974 2232 1131 2323 ἐνέχιὶρον
1141 2241 1236 2304 καθί-

296 2355 411 2424 στησιν
425 2342 470 2416 είς
481 2337 518 2405 τὸ
531 2337 690 2423 ἐμφανὲς,
712 2333 797 2404 ἄλλα
808 2335 963 2422 δεύτερον
974 2341 1044 2415 ἔτος
1054 2336 1146 2402 τουτὶ
1158 2359 1236 2418 καρ-

270 2436 461 2523 ιποόμενος
476 2435 516 2504 τοὶ
533 2433 687 2523 ἡμέτερα,
708 2437 763 2503 καὶ
780 2440 863 2521 ἔχων
876 2435 915 2504 τό
924 2460 959 2502 τε
970 2434 1105 2501 δάνειον
1114 2435 1169 2500 καὶ
1180 2431 1237 2518 τὴν

294 2538 450 2621 ἐργασίαν
467 2537 521 2603 καὶ
540 2533 601 2621 τὴν
619 2543 705 2603 ναῦν
721 2533 783 2620 τὴν
793 2531 1012 2618 ὑποκειμένην
1022 2528 1118 2616 ἡμῖν,
1140 2527 1237 2597 οὐδέν

294 2627 394 2717 ἦττον
412 2633 604 2718 εἰσελήλυθε
621 2630 703 2718 πρὸς
724 2629 810 2718 ὑμᾶς
832 2629 983 2717 δηλονότι
1004 2626 1047 2708 ὦς
1069 2627 1283 2715 ζημιώσωνῑλλ

293 2727 378 2815 ἡμᾶς
395 2739 436 2818 τῇ
453 2734 613 2817 ἐπωβελίᾳ
632 2732 686 2797 καί
707 2728 974 2816 καταθησόμενος
989 2724 1041 2805 ἐἰς
1059 2726 1096 2794 τὸ
1119 2737 1236 2814 οἴκημα

294 2827 378 2912 πρὸς
386 2835 433 2914 τῷ
444 2825 636 2912 ἀποστερεῖν
646 2828 687 2895 τοὶ
697 2829 854 2914 χρήματα.
882 2824 977 2912 ὑμῶν
989 2819 1068 2911 οὖν,
1082 2817 1110 2892 ό
1120 2825 1236 2911 ἄνδρες

291 2923 475 3011 Ἀθηναῖοι,
498 2923 617 3012 ὁμοίως
632 2925 791 2995 ἁπάντων
808 2926 953 3010 δεόμεθα
974 2928 1028 2994 καὶ
1048 2926 1236 3012 ἱκετεύομεν

294 3031 461 3112 βοηθῆσαι
471 3020 565 3110 ἡμῖν,
578 3021 621 3092 όν
631 3029 780 3110 δοκῶμεν
792 3021 988 3092 ἀδικεῖσθαι.
1017 3022 1078 3109 τὴν
1089 3021 1121 3090 δ’
1135 3022 1244 3110 ἀρχὴν

294 3131 355 3190 τοῦ
381 3128 583 3209 συμβολαίου
606 3126 785 3202 διεξελθεῖν
805 3119 885 3209 ὑμῖν
906 3128 1039 3208 πρῶτον
1061 3120 1236 3208 βούλομαι·

295 3219 383 3288 οὕτω
393 3222 456 3307 γὰρ
467 3223 522 3289 καὶ
533 3218 623 3308 ὑμεῖς
634 3225 737 3311 ῥᾷστα
746 3218 1067 3305 παρακολουθήσετε.

267 3345 284 3396 5
311 3377 312 3380 ,
377 3319 632 3404 Διονυσόδωρος
648 3319 712 3407 γόρ
729 3317 857 3406 οὑτοσὶ,
880 3312 908 3386 οδ
924 3318 1044 3401 ἅνδρες
1056 3314 1237 3404 Ἀθηναῖοι,

292 3416 348 3482 καὶ
359 3413 376 3480 ὁ
388 3415 546 3496 κοινωνός
557 3416 662 3485 αὐτοῦ
671 3423 898 3503 Παρμενίσκος
904 3414 1151 3502 «προσελθόντες
1159 3411 1238 3500 ἡμῖν

276 3515 410 3626 ιπέρυσι
426 3522 487 3581 τοῦ
497 3523 765 3601 μεταγειτνιῶνος
776 3513 879 3601 μηνὸς
897 3520 1009 3599 ἐλεγον
1025 3513 1076 3581 ότι
1092 3513 1239 3600 βούλον-

291 3637 344 3680 ται
362 3615 577 3681 δανείσασθαι
593 3615 645 3681 ἐπὶ
659 3620 701 3702 τῇ
715 3616 786 3699 νηί,
810 3609 864 3697 ἐφ’
883 3605 955 3698 ᾧτε
968 3618 1107 3678 πλεῦσαι
1117 3615 1164 3690 είς
1174 3618 1239 3680 Λλ-

291 3733 417 3794 γυπτον
434 3712 488 3778 καὶ
499 3714 530 3791 ἐξ
542 3711 712 3798 Αἰγύπτου
723 3717 769 3792 είς
775 3709 886 3779 Ῥόδον
898 3705 920 3795 ἦ
931 3714 976 3788 είς
985 3706 1148 3800 Ἀθήνας,Ι
1165 3711 1237 3776 διο-
