3159 4409
218 486 221 491 ’
312 436 420 549 λδί·
551 480 1026 547 Ι...ΔΗΜοΣΘΕΝοΤΣ

657 647 919 711 ΜΑΡῙῪΡΙΑΙ.
978 650 982 657 ”

268 766 304 820 29
393 741 447 811 Ἐκ
458 750 592 811 πολλάν
602 744 689 830 μὲν
677 747 795 809 τοίνυν
803 747 990 827 τεκμηρίων
1001 740 1090 828 οἶμαι
1100 739 1182 828 ύμῖν
1192 745 1267 825 ἐπι-

314 847 432 922 δείξειν
440 838 657 909 Πολυκλέα
636 865 689 907 οτι
709 837 787 907 ούτε
808 837 956 908 αὐτόθεν
977 845 1135 911 διενοεῖτο
1157 865 1266 928 παρα-

312 940 494 1029 λαμβάνειν
504 964 571 1023 παρ
568 936 720 1024 ’ἐμού
683 964 745 1024 την
751 964 859 1026 ναυν,
877 937 947 1007 οὔτ’
947 937 1121 1026 ,ἐπειδὴ
1101 938 1158 1026 υφ’
1169 966 1266 1028 υμων
1273 955 1310 1009 121

312 1045 438 1110 καὶτοῦ
420 1033 726 1165 ρηφίσματοςτοῦ
743 1034 907 1123 ὑμετέρου
923 1035 1121 1125 ἠναγκάσθη
1139 1039 1241 1108 ἐπὶ
1204 1065 1266 1127 την

255 1158 261 1175 ’
313 1138 556 1221 ναύνάπιέναι,
573 1135 685 1204 ἐλθόν
701 1135 849 1223 ἠθέλησέ
856 1163 913 1222 μοι
923 1135 1263 1224 διαδιξασθαιαύτήν.

311 1232 410 1318 οὗτος
419 1234 483 1324 γάρ
495 1234 605 1323 ἐπειδὴ
618 1233 756 1320 ἀφίκετο
776 1240 822 1313 είς
833 1233 946 1302 Θάσον
956 1233 1020 1322 η’δη
1030 1262 1097 1320 μου
1107 1240 1292 1325 τέταρτον

311 1347 401 1427 μῆνα
422 1340 767 1455 ἐπιτριηραρχοῦντος,
790 1332 994 1421 παραλαβών
1011 1332 1075 1420 ἐγώ
1093 1335 1263 1456 μάρτυρας

311 1466 380 1507 των
389 1464 424 1506 τε
434 1443 581 1505 πολιτων
598 1432 642 1514 ὡς
655 1431 826 1518 ἐδυνάμην
842 1440 1017 1513 πλείστους
1033 1437 1088 1502 καλ
1099 1432 1179 1514 τούς
1191 1437 1263 1509 ἐπιιι

311 1538 412 1626 βάτας
427 1533 555 1624 κοίτην
572 1532 756 1621 ὑπηρεσίαν
773 1532 995 1620 προσέρχομαι
1011 1531 1103 1625 αύτῷ
1112 1537 1151 1602 ἐν
1162 1535 1262 1626 Θάσμ

311 1641 349 1706 ἐν
365 1643 404 1722 τῇ
423 1636 544 1723 ἀγορᾷ,
566 1636 624 1702 καὶ
636 1636 792 1703 ἐκέλευον
811 1629 916 1700 αὐτὸν
933 1634 996 1721 την
1005 1660 1041 1702 τε
1057 1642 1144 1703 ναῦν
1154 1652 1263 1721 παρα·-
1285 1714 1289 1725 Ι

311 1733 493 1820 λαμβάνειν
503 1731 577 1816 παρ’
589 1737 671 1818 ἐμοῦ
682 1729 725 1810 ὥς
737 1732 894 1817 διάδοχον
904 1732 1001 1820 ὄντα,
1019 1737 1074 1803 καί
1084 1743 1146 1802 τοῦ
1156 1739 1262 1803 ἐπιτε-

311 1836 593 1920 τριηραρχημένου
607 1832 733 1917 χρόνου
748 1830 945 1900 ἀποδιδόναι
962 1860 1018 1919 μοι
1033 1832 1261 1920 τάναλώματα.

270 1955 305 2010 30
313 1939 510 2017 λογίσασθαι
518 1934 538 1997 δ
542 1928 684 2015 ’ἤθελον
694 1928 787 2019 αύτῷ
797 1929 872 1998 καθ’
881 1931 1099 2017 ἕκαστον,ἓως
1110 1960 1167 2020 μοι
1177 1933 1262 2020 μάρ-

313 2057 409 2117 τυρες
425 2037 579 2115 παρῆσαν
598 2035 666 2096 τῶν
686 2026 910 2115 ἀνηλωμένων
918 2035 956 2098 οἵ
972 2058 1007 2099 τε
1026 2040 1147 2101 ναῦται
1164 2034 1263 2101 καλοί

313 2128 462 2217 ἐπιβάται
473 2131 528 2198 καὶ
539 2126 559 2215 ἡ
571 2125 750 2214 ὑπηρεσία,
769 2125 811 2196 ἵν’
824 2138 857 2196 εί
862 2155 893 2196 τι
904 2127 1068 2216 ἀντιλέγοι
1079 2129 1184 2210 εὐθύς
1194 2135 1263 2212 ἐξω

202 2290 215 2307 ,
313 2228 470 2352 λέγχοιμι
504 2226 592 2297 οὕτω
608 2228 673 2348 γάρ
689 2255 746 2316 μοι
761 2223 906 2316 ἀκριβῶς
916 2232 1112 2315 ἐγέγραπτο,
1134 2228 1210 2297 ὥστ’
1222 2226 1263 2298 ού

312 2356 418 2416 μονον
426 2355 512 2396 αυτοι
523 2354 580 2415 μοι
589 2324 807 2414 ταναλωματα
818 2328 1013 2417 ἐγέγραπτο
1026 2325 1110 2397 αλλα
1121 2327 1209 2396 καί
1187 2353 1263 2397 οποι

313 2426 472 2516 ἀνηλωθη
484 2427 570 2497 καὶ
550 2456 566 2496 ο
580 2455 611 2496 τι
622 2429 822 2511 ποιούντων,
834 2425 920 2495 uaz‘
900 2455 921 2513 η
932 2453 1009 2514 τιμη
997 2420 1103 2506 τίς
1079 2454 1124 2514 ην
1134 2427 1245 2496 κάλ’
1203 2453 1263 2521 νο-

312 2546 414 2614 μιομα
425 2522 593 2611 ποδαπόν,
607 2522 690 2595 κάλ’
676 2525 804 2594 οπόσον
814 2552 834 2611 η
822 2518 1067 2612 καταλλαγὴ
1044 2551 1132 2612 ην
1101 2550 1146 2592 τω
1158 2516 1267 2611 ἀργυ-

312 2629 427 2745 ρίω,“
413 2621 451 2692 ον’
474 2634 523 2711 είη
542 2621 719 2744 άκριβοίς’
705 2651 721 2692 ε
723 2627 831 2709 ξελέγξ
833 2650 867 2691 αι
885 2639 925 2710 με
943 2650 988 2713 τρο
977 2625 1165 2712 διαδόχῳ,
1189 2633 1224 2692 εί
1234 2648 1264 2691 τι

269 2749 303 2804 31
311 2720 422 2809 ηγολτο
434 2720 607 2804 ψεῦδος’
568 2748 658 2812 αντῳ
645 2728 868 2808 λογιζεοθαι.
903 2729 951 2791 ἔτι
962 2692 998 2791 δὲ
1014 2725 1072 2791 καὶ
1080 2729 1191 2791 πίστιν
1202 2719 1264 2789 αύ-

311 2848 356 2908 τῳ
345 2824 493 2900 ἐπιθείς
503 2791 653 2908 ηδέλησά
668 2828 868 2907 λογίσασθαι
883 2820 924 2889 τά
944 2819 1149 2910 ἀνηλωμένα.
1181 2845 1281 2908 προ-ι

310 2926 520 3008 καλουμένου
539 2925 577 2989 δέ
592 2947 658 3007 μου
678 2929 782 2989 ταῦτα
802 2912 1001 3006 ἀπεκρίνατό
1020 2948 1076 3008 μοι
1096 2920 1148 2991 ὅτι
1165 2917 1265 2989 οὐδέν

312 3020 402 3110 αύτῷ
420 3011 557 3107 μέλοι
530 3046 579 3088 ων
597 3018 779 3108 λέγοιμι.’
766 3047 804 3089 εν
820 3021 857 3088 δὲ
873 3020 980 3109 τούτω
992 3015 1196 3141 ύπηρέτης”
1172 3044 1266 3106 ηκων

314 3119 403 3208 παρά
417 3128 479 3189 τού
486 3142 675 3207 ,στρατηγον
659 3119 759 3207 ἐμοὶ
770 3120 999 3206 παρήγγελλεν
1009 3117 1211 3204 ἀνάγεσθαι,
1224 3114 1267 3186 ού

313 3219 419 3308 τούτῳ
430 3217 477 3311 τῷ
489 3220 644 3308 διαδόχῳ,
655 3213 698 3288 οὗ
708 3219 729 3306 ἡ
741 3224 930 3305 λειτουργία
939 3217 1002 3306 ἥδη
1014 3213 1161 3303 ἐγίγνετο
1169 3244 1175 3258 ·
1184 3213 1268 3309 τού-

314 3343 374 3385 του
386 3318 421 3386 δέ
431 3317 468 3386 τό
481 3329 587 3388 αίτιον
598 3317 662 3406 ἐγώ
680 3316 767 3405 ύμάς
783 3319 960 3404 προϊόντος
976 3326 1039 3386 τού
1054 3318 1161 3403 λόγου
1171 3315 1268 3385 διδάν

314 3421 369 3495 ξω.
402 3415 475 3484 τότε
491 3416 553 3503 μὲν
569 3409 633 3486 ούν
649 3444 705 3505 μοι
722 3415 834 3509 ἐδόκει
850 3417 1037 3503 ἀνάγεσθαι
1051 3418 1106 3485 καλ
1123 3424 1220 3508 πλείν
1236 3407 1272 3483 ολ

269 3513 487 3585 32έκέλευεν.’
520 3511 632 3602 ἐπειδὴ
662 3516 697 3585 δὲ
717 3521 923 3586 κατέπλευσα
946 3517 1048 3585 πάλιν
1070 3522 1117 3595 είς
1138 3516 1266 3599 Θάσον,

313 3612 453 3691 ἑλκύσας
462 3610 503 3680 τά
513 3622 610 3684 πλοία
622 3621 668 3697 είς
678 3617 857 3703 Στρύμην,
876 3610 909 3685 ολ
923 3612 1151 3702 προσέταξενὸ
1165 3635 1267 3701 στρα-
1274 3634 1310 3689 12:

312 3712 422 3803 πηγὸς,
433 3713 592 3796 κελεύσας
601 3713 681 3796 τούς
691 3715 814 3795 ναύτας
833 3713 870 3784 ἐν
880 3722 920 3804 τῇ
931 3718 985 3802 νηὶ
998 3717 1111 3802 μένειν
1121 3714 1178 3783 καὶ
1189 3711 1268 3806 τούς
