3159 4409
308 485 370 551 318
521 489 574 551 Lx.
596 466 1032 565 [ΔΗΜοΣοεαουες

311 645 416 732 πάσης
426 653 485 732 τῆς
494 642 632 734 ἠπείρου
643 644 765 712 στόλον
775 644 920 713 ἐλθόντα
932 644 1046 734 μόνοι,
1057 644 1163 735 τᾶλλα
1174 646 1263 716 πάν-

310 772 349 813 τα
360 747 662 833 κατεστραμμένον,
681 740 722 810 ού
731 741 838 828 μόνον
846 740 1032 830 ἠμύναντο,
1051 742 1135 813 άλλά
1147 747 1262 813 καὶτι-

310 850 438 931 μωρίαν
448 841 538 930 ’ὑπὲρ
556 834 604 910 οἷν
621 839 699 920 τοῦς
716 839 839 919 ἄλλους
856 838 997 926 ἠδίκουν
1008 845 1187 928 ἐπέθηκαν.
1216 848 1262 910 ἔτι

310 950 425 1010 τοίνυν
434 939 492 1018 τάς
507 943 545 1008 ἐν
558 937 669 1017 αὐτοῖς
679 952 747 1018 τοῖς
758 939 893 1025 Ἕλλησι
910 947 1099 1022 πλεονεξίας
1108 943 1261 1010 κωλύον-

310 1067 363 1120 τες
384 1040 509 1118 πάντας
530 1034 632 1116 ὅσους
654 1040 779 1126 συνέβη
794 1043 953 1119 γενέσθαι
981 1038 1165 1118 κινδύνους
1179 1037 1260 1106 ῦπέ-

310 1134 575 1224 μειναν,όπουτό
586 1140 714 1204 δίκαιον
723 1146 772 1222 είη
781 1141 1148 1224 τεταγμένου,ἐνταῦθα
1157 1159 1260 1225 προσ-

229 1302 234 1321 ,
311 1241 463 1323 νέμοντες
481 1233 634 1319 ἑαυτούς,
656 1236 717 1313 ἕως
737 1240 783 1314 είς
801 1234 862 1322 τήν
881 1244 946 1303 νῦν
965 1241 1075 1316 ζῶσαν
1091 1234 1257 1323 ἠλικίανό

309 1334 427 1422 χρόνος
437 1333 627 1420 προήγαγεν
637 1330 732 1420 ἠμάς.

268 1459 302 1512 12
392 1434 521 1519 Μηδεὶς
537 1431 570 1519 δ’Ἰ
581 1430 728 1518 ἡγείσθω
745 1432 786 1519 μεΙ
803 1431 1012 1520 άποροῦυτα,
1035 1433 1056 1504 ὅ
1065 1463 1096 1504 τι
1111 1437 1176 1525 χρὴ
1188 1439 1259 1526 περλ

310 1532 439 1600 ίούτων
457 1542 560 1601 εἰπεῖν
577 1532 736 1617 ἑκάστου,
756 1539 861 1599 ταῦτα
876 1530 917 1599 τά
932 1538 1122 1620 πραχθέντα
1140 1535 1259 1624 άπηρι-

310 1634 484 1718 θμηκέναι.
515 1637 545 1698 εί
562 1628 625 1716 γάρ
644 1629 800 1698 ἁπάντων
811 1628 1064 1716 άμηχανύτατος
1074 1625 1118 1718 ἠν
1130 1631 1150 1700 ὅ
1159 1660 1194 1701 τι
1201 1630 1258 1720 χρή

311 1733 419 1813 λέγειν
430 1736 649 1815 πορίσασθαι,
668 1726 688 1814 ἡ
703 1726 837 1798 ’κείνων
848 1728 947 1816 άρετή
960 1733 1130 1797 δείκνυσιν
1144 1729 1259 1819 αύτήά

311 1828 367 1894 καλ
378 1828 535 1912 πρόχειρα
546 1831 600 1895 καὶ
617 1828 736 1915 ῥηίδιον
748 1831 904 1915 ἐπελθεῖν
915 1831 1011 1896 ἐστιν.
1044 1827 1131 1903 άλλά
1142 1855 1258 1916 προαι-

312 1931 433 2008 ροῦμαι
444 1933 502 2009 τής
517 1922 683 2008 εὐγενείας
692 1926 746 1992 καὶ
756 1934 825 1992 νῦν
835 1924 922 2009 παρά
935 1941 1004 2006 τοῖς
1013 1929 1195 2013 προγόνοις
1204 1955 1260 2016 με·

209 2018 213 2025 ’
312 2031 435 2108 γίστων
444 2024 605 2107 μνησθεὶς
621 2019 665 2100 ῦς
680 2022 814 2108 τάχιστα
830 2022 979 2105 συνάψαι
992 2022 1053 2093 τόν
1064 2025 1169 2112 λόγον
1180 2028 1260 2115 πρὸς

311 2119 351 2188 τά
371 2124 479 2187 τοῖσδε
499 2121 727 2205 πεπραγμένα,
748 2117 789 2188 ἵν’
799 2172 809 2205 ,
833 2119 943 2210 ὥσπερ
962 2123 1020 2202 τάς
1038 2125 1157 2209 φύσεις
1175 2119 1260 2212 ἠσαν

211 2302 213 2306 ι
313 2232 499 2305 συγγενεῖς,
534 2216 622 2286 ούτω
643 2217 721 2297 τούς
742 2221 898 2300 ἐπαίνους
921 2222 975 2290 ἐπ’
998 2220 1110 2291 αὐτῶν
1128 2223 1259 2302 κοινούς

313 2320 516 2405 ποιήσωμαι,
528 2316 778 2406 ὑπολαμβάνων
788 2317 883 2386 ταῦτ’
896 2315 940 2388 άν
949 2320 1034 2388 εἶναι
1043 2326 1259 2409 κεχαρισμένα

312 2414 477 2497 κάκείνοις
497 2419 553 2486 καλ
580 2413 704 2503 μάλιστ’
728 2414 942 2508 ἀμφοτέροις,
977 2424 1008 2486 εί
1029 2428 1087 2505 τῆς
1107 2418 1260 2507 άλλήλων

314 2517 430 2601 άρετής
449 2513 493 2602 μή
511 2517 617 2602 μόνον
627 2524 667 2604 τῇ
678 2514 777 2601 φύσει
788 2518 996 2603 μετάσχοιεν,
1020 2518 1102 2585 άλλά
1120 2522 1176 2587 καὶ
1196 2533 1260 2596 τοῖς

313 2617 466 2693 ἐπαίνοις.
1144 2696 1146 2701 Α

273 2736 305 2790 13
393 2711 535 2797 Ἀυάγκη
548 2710 578 2779 δ’
592 2717 629 2780 ἐν
641 2720 688 2798 τῷ
703 2710 824 2798 μεταξύ
837 2718 1022 2799 διαλαβεῖν,
1045 2717 1101 2781 καὶ
1119 2713 1185 2801 πρό
1204 2722 1262 2783 τοῦ

314 2810 354 2880 τά
373 2816 482 2880 τοῖσδε
501 2814 715 2897 πεπραγμένα
731 2825 800 2890 τοῖς
817 2811 959 2898 άνδράσι
976 2817 1102 2897 δηλοῦν
1119 2816 1176 2882 καὶ
1187 2811 1262 2891 τοῦς

315 2917 375 2990 ἔξω
385 2916 446 2977 τοῦ
457 2911 575 2994 γένους
592 2908 676 2995 πρὸς
694 2908 753 2978 τόν
769 2912 879 2997 τάφου
895 2910 1169 2998 ἠκολουθηκότας
1182 2909 1263 2998 πρός

316 3008 454 3077 εὔνοιαν
472 3012 707 3093 παρακαλέσαι.
741 3013 797 3078 καὶ
813 3007 877 3096 γάρ
899 3016 929 3077 εί
944 3010 1005 3096 μὲν
1022 3016 1068 3088 είς
1088 3011 1264 3097 χρημάτων
1271 3021 1307 3081 139

316 3110 469 3195 δαπάνην
484 3108 506 3195 ἠ
522 3106 581 3177 τιν’
595 3107 700 3194 άλλην
716 3115 864 3194 θεωρίαν
883 3113 1027 3175 ίππικῦν
1048 3103 1070 3193 ἠ
1092 3117 1265 3195 γυμνικῶν

315 3206 432 3275 άθλωυ
443 3208 588 3294 ἐτάχθην
599 3215 762 3294 κοσμῆσαι
772 3207 967 3294 τόντάφου,
984 3207 1115 3296 ὅσῳπερ
1129 3205 1174 3276 άν
1184 3234 1266 3295 προ,-

316 3307 506 3390 θυμότερου
522 3308 578 3375 καλ
602 3305 837 3392 ἀφειδέστερον
852 3313 956 3374 ταῦτα
978 3307 1265 3393 παρεσκευάσμην,

229 3444 235 3457 ·
317 3405 462 3493 τοσούτῳ
481 3403 667 3491 μάλλουάν
688 3397 898 3492 προσήκοντα
920 3409 1016 3485 ἔδοξα
1037 3408 1264 3492 πεποιηκέναι·

316 3499 403 3589 λόγῳ
417 3501 449 3566 δ’
464 3499 631 3572 ἐπαινέσαι
646 3505 786 3582 τούτους
803 3502 881 3582 τοῦς
898 3503 1023 3592 ἄνδρας
1041 3508 1201 3590 αἱρεθεὶς,
1224 3500 1266 3572 άν

317 3596 361 3685 μή
373 3597 452 3677 τούς
462 3599 645 3681 άκούοντας
657 3604 949 3690 συμβουλομένους
968 3603 1074 3689 λάβω,
1096 3609 1266 3691 φοβοῦμαι

275 3714 308 3768 14
318 3699 362 3785 μή
374 3707 414 3787 τῇ
426 3709 597 3789 προθυμίᾳ
608 3701 807 3771 τούναντίον
818 3698 860 3770 οὗ
872 3706 924 3769 δεῖ
930 3702 1068 3789 ποιήσω.
1098 3699 1115 3769 ὁ
1128 3702 1190 3788 μὲν
1200 3699 1264 3786 γάρ
