3159 4409
314 509 378 578 324
530 511 584 570 ιι.
606 501 1049 584 [ΛΗΜοΣοεΝονΣ]

317 684 407 740 οτεία
418 672 545 751 ἔδιδον
557 690 630 733 τοτε
640 689 720 742 τους
735 659 910 748 ίχθρους
889 686 1095 747 αμννομενοι
1105 661 1268 733 τεθναυαι

317 766 515 860 δείνήόοντο,
538 761 621 832 ωστε
642 765 743 849 μηδὲν
754 757 943 838 αναξιον
903 785 1016 826 αυτων
1036 769 1172 828 παθεῖν.
1206 755 1267 826 οὐκ

315 865 535 955 ἠμνημόνουν
556 862 751 946 Ἀντιοχίδαι
772 856 974 944 Ἡρακλέους
989 857 1072 926 ὄντα
1088 855 1264 944 Ἀντίοχον.

316 972 386 1034 δεῖν
399 958 462 1034 οὖν
455 955 669 1057 ήγήσαντοή
666 958 746 1044 ζῆν
762 956 859 1038 άξίως
869 965 939 1024 τῶν
949 953 1171 1042 ὑπαρχόντων
1181 951 1203 1042 ή
1213 981 1266 1023 τε·

314 1064 440 1133 θνάναι
451 1049 567 1139 καλως.

272 1196 306 1250 32
400 1165 445 1230 Οί
453 1151 571 1249 μὲν
528 1184 594 1226 ουν
605 1163 723 1237 ζῶντες
733 1161 849 1223 οίκεῖοι
864 1155 994 1222 τούτων
1003 1156 1140 1223 ἑλεεινολ
1154 1155 1265 1222 τοιού-

314 1287 383 1330 των
401 1259 535 1346 ἄνδρων
554 1257 764 1342 ἐστερημένοι
788 1255 844 1321 καὶ
866 1259 1046 1340 συνηθείας
1065 1260 1197 1339 πολλῆς
1212 1255 1264 1335 καὶ

315 1357 560 1446 φιλανθρώπου
570 1356 806 1441 διεζευγμένοι,
823 1354 879 1420 καλ
894 1350 934 1419 τά
945 1359 1002 1437 τῆς
1013 1355 1170 1434 πατρίδος
1180 1352 1264 1437 πρά-

314 1455 405 1545 γματ’
419 1463 523 1544 ἔρημα
536 1457 592 1524 καὶ
610 1452 767 1541 δακρύων
785 1454 842 1520 καλ
862 1455 1009 1530 πένθους
1027 1453 1153 1538 πλήρη·
1182 1455 1216 1519 ολ
1232 1455 1261 1518 δ’
1307 1479 1310 1485 ’

315 1557 508 1643 εὐδαίμονες
522 1563 568 1645 τῷ
586 1558 701 1643 δικαίῳ
719 1559 874 1641 λογισμῷ.
906 1558 1040 1637 πρῶτον
1055 1553 1116 1635 μὲν
1127 1548 1202 1618 άντὶ
1214 1576 1263 1636 μι-

315 1654 531 1740 κροῦχράνου
542 1647 1263 1736 πολύνκαὶτδνᾶπανταεύκλειανάγήρωκα-

315 1761 543 1837 ταλείπονσιν,
556 1742 620 1839 ἕνῇ
632 1752 687 1818 καὶ
693 1753 807 1828 παῖδες
818 1753 851 1816 ολ
856 1741 986 1816 τούτων
996 1746 1177 1833 ὀνομαστοὶ
1187 1774 1263 1835 τρω-

315 1851 480 1936 φήσονται
497 1852 552 1918 καλ
570 1863 679 1934 γονείς
689 1853 723 1915 ολ
737 1849 868 1915 τούτων
885 1854 1094 1935 περίβλεπτοι
1103 1872 1262 1932 γηροτρο-

315 1948 494 2034 φήσονται,
508 1945 706 2033 παραψυχήν
719 1953 765 2036 τῷ
772 1949 891 2013 πένθει
900 1945 962 2031 τήν
973 1945 1101 2012 τούτων
1113 1942 1263 2013 εὔκλειαν

271 2060 306 2114 33
314 2049 452 2131 ἔχοντες.
485 2051 594 2112 ἔπειτα
606 2045 719 2113 νόσων
735 2042 929 2122 άπαθεῑςτά
940 2045 1075 2130 στόματα
1085 2047 1141 2113 καὶ
1151 2051 1263 2113 λυπῶν

314 2140 507 2229 άπειροιτάς
520 2141 637 2229 ψυχάς,
652 2139 691 2221 άς
702 2144 755 2210 ἐπὶ
766 2156 835 2222 τοῖς
845 2145 1092 2232 συμβεβηκόσιν
1103 2150 1137 2212 ολ
1151 2151 1263 2226 ζῶντες

313 2246 455 2327 ἔχουσιν,
467 2245 505 2310 ἐν
515 2243 640 2331 μεγάλη
651 2249 727 2331 τιμῇ
736 2244 791 2310 καλ
803 2251 913 2333 πολλῷ
924 2243 1082 2334 ζήλφτῶν
1092 2247 1262 2331 νομιζομέ-

314 2367 384 2409 νων
394 2341 625 2427 τυγχάνονσιν.
648 2339 708 2420 οδς
717 2340 782 2427 γάρ
791 2340 903 2409 άπασα
914 2345 975 2428 μὲν
985 2340 1006 2429 ἡ
1018 2346 1134 2429 πατρὶς
1144 2344 1261 2411 θάπτει

313 2447 463 2529 δημοσία,
471 2438 786 2510 κοινωνδέπαίνων
794 2443 891 2529 μόνοι
900 2441 1110 2527 τυγχάνουσι,
1118 2451 1261 2511 ποθοῦσι

313 2539 345 2607 δ’
354 2538 395 2606 ού
402 2540 882 2625 μόνοισυγγευείςκαλπολίται,
890 2538 1091 2608 άλλάπάσαν
1101 2539 1262 2628 ὅσηνἙλ-

313 2636 463 2722 λάδαχρή
472 2652 672 2723 προσειπεῖν,
681 2638 1262 2726 σνμπεπένθηκεδὲκαλτήςοἰκουμέ-

268 2761 303 2816 34
313 2761 372 2822 νης
383 2735 420 2803 τό
428 2744 582 2805 πλεῖστον
590 2741 698 2824 μέρος,
711 2744 781 2815 πῶς
790 2737 833 2805 οὐ
844 2735 905 2823 χρὴ
916 2738 1057 2817 τούτους
1066 2736 1262 2824 εὐδαίμονας

310 2841 514 2922 νομίζεσθαις
537 2833 596 2914 οὓς
607 2840 791 2922 παρέδρους
807 2836 942 2915 εἰκότως
958 2835 1000 2905 άυ
1016 2862 1064 2915 τις
1080 2837 1187 2922 φήσαι
1197 2850 1262 2916 τοῖς

310 2933 399 3001 κάτω
411 2944 504 3013 θεοῖς
517 2935 615 3021 εἶναι,
627 2935 689 3022 τήν
699 2932 805 3022 αύτηυ
815 2937 908 3016 τάξιν
918 2941 1051 3022 ἔχοντας
1061 2948 1131 3013 τοῖς
1143 2939 1262 3020 προτέ-

311 3058 381 3113 ροις
403 3030 544 3118 ἀγαθοῖς
561 3031 724 3119 άνδράσιν
746 3037 782 3102 ἐν
801 3035 962 3120 μακάρων
981 3034 1101 3121 νήσοις.
1136 3031 1179 3102 ού
1199 3035 1313 3121 γάριςη

311 3129 392 3197 ίδάυ
402 3157 451 3210 τις
463 3127 541 3198 οὐδὲ
552 3134 627 3217 περὶ
637 3137 774 3201 ἐκείνων
782 3132 877 3202 ταῦτ’
889 3133 1107 3222 ἀπήγγελκεν,
1120 3132 1190 3202 ἀλλ’
1204 3131 1261 3212 οὓς

311 3229 345 3291 οἱ
360 3233 476 3306 ζωντες
493 3226 604 3308 άξίους
621 3228 852 3319 ὑπειλήφαμεν
867 3242 938 3302 τῶν
949 3233 1020 3302 άνω
1037 3241 1158 3321 τιμῶν,
1181 3234 1261 3303 τού-

266 3347 300 3400 35
309 3346 388 3400 τονς
403 3350 442 3411 τη
460 3325 538 3415 δόξη
555 3332 883 3418 καταμαντευόμενοι
898 3331 996 3401 κάκεῖ
1009 3340 1078 3401 τῶν
1087 3331 1203 3401 αὐτῶν
1213 3360 1262 3401 τι·

309 3425 382 3506 μῶν
397 3418 556 3511 ηγούμεθ’
576 3425 699 3507 αύτούς
714 3431 899 3517 τυγχάνειν.
934 3438 1002 3500 ἔστι
1018 3433 1080 3518 μὲν
1101 3424 1167 3499 οὖν
1183 3442 1261 3510 ἴσως

309 3517 500 3603 χαλεπον
464 3549 521 3602 τας
532 3527 703 3608 παρούσας
722 3527 897 3650 συμφοράς
914 3530 1002 3617 λόγῳ
1014 3537 1191 3615 κουφίσαι·
1213 3535 1264 3598 δεῖ

310 3614 378 3684 δ’“
358 3641 447 3702 ομως
458 3630 637 3707 πειρασθαι
652 3628 708 3694 καὶ
718 3651 801 3713 προς
811 3654 852 3696 τα
863 3651 1119 3715 παρηγορονντα
1128 3633 1261 3715 τρεπειν

310 3714 370 3800 τὴν
382 3713 508 3802 ψυχὴν,
532 3718 576 3799 ὥς
586 3721 665 3802 τούς
678 3727 852 3806 τοιούτους
870 3725 997 3814 ἄνδρας
1007 3728 1187 3816 γεγονότας
1197 3725 1260 3797 αύ-
