3159 4409
318 507 382 572 ωε
498 512 592 575 mn..
625 482 1084 586 [AHMOEOENOYZJ'

275 692 386 746 εςτων
402 672 501 739 ἐστίν·
526 660 575 735 ών
585 669 680 753 γένος
693 667 909 748 ἐξωλέστερον
919 665 1019 736 οὐδέν
1028 673 1128 737 ἐστιν.
1158 674 1194 736 τί
1199 667 1264 754 γάρ

320 769 364 836 ἀν
378 793 427 848 τις
443 768 581 845 τούτους
599 762 692 848 εὕροι
701 770 879 851 χρησίμους
890 763 988 844 ὄντας
1001 792 1041 852 τη
1027 761 1165 846 πόλεις
1186 763 1264 845 τούς

319 865 515 945 ἀδικοῦντας
532 891 573 949 νη
591 860 651 929 Δί’
668 854 761 930 οὗτοι
778 862 970 948 κολάζουσι,
994 866 1050 931 καλ
1061 860 1116 930 δια
1126 887 1264 943 τουτους

318 966 472 1043 ἐλάττους
487 966 569 1032 είσίν
587 944 713 1029 ἐκείνοι.
748 986 789 1028 ου
780 957 891 1047 ’δῆτζ
916 986 942 1026 ω
930 952 1084 1047 ἀνδρες
1103 963 1262 1047 δικασταὶ,

319 1063 401 1134 ἀλλά
419 1065 474 1132 καὶ
491 1066 638 1139 πλείους
659 1058 828 1138 είδοτες
788 1084 882 1144 γαρο
884 1059 1105 1145 βουλομενοι
1115 1086 1223 1128 κακον
1231 1087 1262 1128 τι

315 1162 471 1253 πράττειν
487 1159 538 1230 ὅτι
553 1161 681 1239 τούτοις
699 1156 823 1226 ἐστίν’
804 1154 869 1224 απὸ
886 1182 955 1223 των
964 1157 1144 1243 λημμάτων
1154 1183 1192 1226 το
1181 1155 1262 1244 μέ-

217 1256 222 1270 ’
317 1288 374 1347 ρος
391 1262 521 1344 δοτέον,
542 1262 575 1339 ἐξ
585 1255 731 1344 ἀνάγκης
741 1261 837 1343 μείζω
848 1263 1085 1338 προαιροῦνται
1095 1253 1186 1340 παρά
1196 1265 1262 1324 τών

316 1354 428 1427 ἀλλων
440 1354 612 1445 ἁρπάζειν,
634 1360 690 1423 ’ίνα
700 1353 744 1443 μὴ
756 1355 862 1442 μόνον
872 1350 997 1437 αὐτοῖς,
1020 1350 1104 1421 ἀλλά
1115 1357 1173 1421 καί
1185 1357 1262 1422 τού-

274 1463 509 1543 ςετοιςέχωσιν
518 1453 714 1523 ἀναλίσκειν.
730 1455 788 1543 καὶ
796 1453 874 1531 τοὺς
882 1453 943 1538 μέν
951 1451 1083 1534 ἀλλους,
1094 1449 1170 1520 ὅσοι
1181 1480 1262 1522 κακ-

316 1563 515 1642 ουργοῦντες
530 1554 717 1642 βλάπτουσί
735 1580 766 1621 τι
787 1551 869 1630 τούς
886 1551 1165 1636 ἐντυγχάνοντας,
1186 1551 1262 1632 τούς

316 1655 376 1741 μὲν
397 1661 465 1721 τών
486 1661 572 1720 οίκοι
594 1649 748 1739 φυλακὴν
769 1649 1034 1736 καταστήσαντας
1050 1649 1167 1729 σώζειν
1184 1657 1261 1736 ἐστι,

315 1750 393 1830 τούς
406 1751 437 1818 δ’
451 1754 549 1818 ἔνδον
560 1755 719 1836 μένοντας
729 1757 786 1836 τῆς
797 1747 917 1828 νυκτός
927 1747 1030 1834 μηδὲν
1040 1757 1175 1837 παθελν,
1185 1749 1262 1830 τούς

317 1848 347 1916 δ’
367 1852 418 1918 ἐνί
432 1852 471 1934 γε’
486 1875 530 1938 τῳ
548 1847 662 1939 τρόπω
678 1851 929 1935 φυλαξαμένους
950 1852 1054 1915 ἔνεστι
1076 1850 1262 1918 διώσασθαι

317 1948 377 2033 την
387 1953 454 2014 τών
466 1948 572 2014 κακόν
581 1973 612 2013 τι
623 1961 730 2015 ποιεῖν
739 1951 953 2034 βουλομένων
967 1949 1163 2036 ἐπιβουλήν·
1186 1947 1262 2028 τούς

317 2048 352 2113 δὲ
360 2047 545 2113 τοιουτουσὶ
554 2046 775 2131 συκοφάντας,
783 2044 907 2132 ποῑχρὴ
919 2051 1146 2132 πορευθέντας
1152 2045 1262 2126 ἀδείας

316 2142 405 2230 παρά
421 2143 550 2212 τούτων
565 2158 691 2229 τυχείν;
712 2149 751 2212 αί
764 2143 828 2231 γάρ
846 2154 913 2212 τών
930 2145 1041 2215 ἀλλων
1052 2144 1262 2233 ἀδικημάτων

315 2242 502 2330 καταφυγαὶ
525 2243 653 2323 τούτοις
677 2245 770 2312 είσὶν7
787 2248 950 2331 ἐργασίαι,
971 2245 1084 2332 νόμοι,
1108 2244 1260 2332 δικαστή-

316 2369 388 2430 ρια,
410 2341 588 2429 μάρτυρες,
610 2342 732 2429 ἀγοραί
736 2369 743 2382 ·
765 2346 803 2410 ἐν
819 2341 868 2422 οἷς
877 2343 935 2422 τάς
947 2343 1059 2412 αύτών
1069 2345 1182 2432 ῥώμας
1193 2349 1261 2413 ἐπι-

315 2447 518 2528 δείκνυνται,
542 2449 659 2528 φίλους
674 2442 735 2528 μὲν
751 2439 830 2521 τούς
841 2442 992 2520 διδόντας
1003 2448 1198 2529 νομιζοντες,
1210 2447 1261 2529 ἐχ-

314 2540 421 2626 θρούς
431 2540 467 2608 δέ·
461 2539 555 2620 τούς
567 2537 782 2628 ἀπράγμονας
793 2542 848 2608 καὶ
859 2548 1046 2619 πλουσίους

271 2662 305 2718 65
396 2639 677 2727 Ἀναμνησθεντες
688 2632 768 2724 οὖν,
787 2667 813 2707 ω
801 2632 946 2758 ἀνδρες
958 2642 1122 2723 δικασταὶ,
1139 2643 1262 2726 καὶτῆς

291 2737 441 2806 τούτων
462 2743 648 2860 πονηρίας
639 2739 694 2805 καὶ
714 2746 782 2805 τών
804 2738 981 2827 προγόνων
998 2745 1066 2806 τών
1081 2736 1260 2859 ἡμετέρων,

313 2863 361 2904 ων
368 2835 538 2922 Ἐπιχάρης
555 2862 616 2921 μεν
634 2863 651 2904 ο
663 2861 824 2917 ταπποςο
814 2835 893 2922 ἐμο
897 2865 913 2916 ς
922 2835 1114 2924 Ὀλυμπίασι
1124 2839 1261 2926 νικήσας

299 2938 431 3013 ’παῖδας
447 2934 583 3014 στάδιον
598 2933 853 3021 ἐστεφάνωσε
817 2963 879 3022 την
889 2936 1005 3023 πόλιν,
1027 2939 1082 3004 και
1093 2961 1183 3022 παρα
1171 2937 1313 3016 τοίςΙλδ

313 3031 481 3120 ὑμετέροις
491 3032 669 3118 προγόνοις
679 3039 803 3123 ἐπιεικῆ
815 3035 917 3116 δόξαν
933 3041 1018 3122 ἔχων
1033 3038 1259 3124 ἐτελεύτησεν·

311 3128 403 3218 ἡμεῖς
423 3132 458 3202 δέ
477 3130 530 3200 διά
547 3142 668 3201 τούτου
684 3132 744 3202 τὰν
760 3144 853 3214 θεοῖς
869 3134 991 3222 ἐχθρὰν
1007 3132 1261 3223 ἀπεστερήμεθα

268 3252 302 3306 67
311 3234 431 3319 ταύτης
441 3241 498 3320 τῆς
508 3234 644 3319 πόλεως,
657 3231 741 3319 ὑπὲρ
753 3226 794 3320 ἧς
801 3231 1049 3322 Ἀριστοκράτης
1060 3230 1259 3322 ὁΣκελλίου,

311 3337 402 3408 θεῖος
421 3329 469 3399 ών
480 3329 674 3419 Ἐπιχάρους
690 3341 751 3401 τοῦ
769 3335 907 3402 πάππου
927 3342 988 3401 τοῦ
1009 3339 1107 3420 ἐμοῦ,
1131 3327 1175 3402 οὗ
1197 3341 1262 3421 ἔχει

312 3423 453 3512 ἀδελφὸς
467 3428 578 3500 οὑτοσὶ
589 3431 747 3519 τοῦνομα,
760 3431 866 3499 πολλά
877 3434 932 3500 καί
942 3429 1026 3499 καλά
1039 3432 1261 3520 διαπραξάμε-

311 3551 369 3605 νος
381 3531 459 3611 ἔργα
469 3531 675 3617 πολεμούσης
685 3540 742 3617 τῆς
753 3531 879 3607 πόλεως
888 3536 1174 3617 Λακεδαιμονίοις,
1197 3558 1261 3600 κα-

310 3626 481 3706 τασκάψας
505 3627 568 3716 τὴν
586 3627 811 3714 Ἠετιώνειαν,
842 3635 888 3708 είς
913 3628 956 3715 ἢν
977 3635 1261 3715 Λακεδαιμονίους

315 3729 453 3809 ἔμελλον
470 3729 504 3792 oc
512 3729 585 3813 περὶ
594 3736 734 3815 Κριτίαν
744 3727 981 3814 ὑποδέχεσθαι,
1003 3737 1138 3797 καθεῖλε
1147 3728 1211 3815 μὲν
1222 3728 1260 3797 τὸ
