3159 4409
308 514 372 579 230
533 514 600 573 tvl.
628 508 1043 574 ΔΗΜΟΣΘΕΝΟῬΣ

310 676 350 745 τίι
366 673 449 760 πρός
459 672 538 753 τοὺς
549 671 669 751 ἀλλους
679 669 851 748 δανειστὰς
861 674 1073 757 πεπραγμένα
1085 669 1260 758 παραβόλ-

310 784 442 858 λοντας,
451 769 533 840 ἀλλ’
546 772 599 840 ἐπὶ
609 768 671 856 τὴν
681 767 881 856 συγγραφὴν
891 766 1024 854 ἀνάγετ’
1038 768 1143 837 αὐτόν
1153 771 1210 837 καί
1218 765 1258 836 τὰ

310 879 346 944 ἐκ
363 881 422 960 τῆς
437 879 631 957 συγγραφῆς
647 874 766 937 δίκαια.
799 872 867 935 ἔστι
876 865 942 954 γάρ
952 871 1027 954 ἐμοί
1033 893 1069 936 τε
1079 865 1199 936 λοιπόν
1207 871 1260 934 δι-

311 975 405 1054 δάξαι
424 968 509 1058 ὑμεῖς
524 976 622 1038 τοῦτο
633 971 689 1036 καὶ
700 959 798 1046 οὗτος
810 972 1004 1054 ἰσχυρίζεται
1013 975 1060 1056 τῷ
1074 963 1164 1056 αὐτῷ
1179 963 1260 1033 τοό-

311 1096 374 1163 τῳ,
397 1066 536 1156 φάσκων
553 1068 617 1155 τὴν
632 1070 834 1153 συγγραφὴν
851 1066 1001 1135 κελεύειν
1017 1074 1182 1152 σωθείσης
1203 1072 1260 1151 τῆς

312 1169 395 1250 νεός
414 1167 612 1237 ἀποδιδόναι
632 1164 669 1234 τό
693 1166 836 1233 δάνειον.
869 1166 924 1232 καὶ
943 1161 1035 1251 ἡμεῖς
1051 1171 1156 1231 ταῦτα
1172 1162 1258 1230 οὕτω

268 1268 423 1356 διφαμὲν
441 1269 511 1334 δεῖν
527 1271 620 1352 ἔχειν.
652 1261 757 1351 ἡδέως
774 1260 805 1331 δ’
825 1259 868 1330 ἀν
885 1269 1057 1349 πυθοίμην
1069 1261 1175 1331 αὐτοῦ
1186 1267 1259 1344 σοῦ,

312 1367 454 1453 πότερον
465 1360 510 1443 ὦς
521 1361 605 1449 ὑπὲρ
616 1366 861 1450 διεφθαρμένης
872 1370 930 1448 τῆς
940 1363 1023 1441 νεός
1035 1365 1177 1446 διαλέγει
1186 1356 1209 1447 ἦ
1217 1356 1261 1438 ὣς

311 1462 394 1551 ὑπὲρ
412 1467 627 1550 σεσωσμένης.
660 1469 692 1531 εί
707 1465 768 1548 μέν
783 1462 848 1548 γὰρ
866 1464 1064 1548 διέφθαρται
1080 1459 1261 1549 ἦναῦςκαί

313 1561 480 1647 ἀπόλωλε,
502 1566 537 1629 τί
551 1563 626 1646 περί
642 1570 711 1629 των
720 1561 831 1630 τόνων
841 1565 988 1648 διαφέρει
998 1564 1054 1630 καὶ
1065 1557 1166 1642 ἀξιοῖς
1176 1557 1259 1647 ἡμᾶς

313 1666 504 1745 κομίζεσθαι
519 1660 599 1739 τούς
615 1656 780 1740 είςῬόδον
797 1660 931 1741 τόκους;
954 1658 1103 1746 οὔτεγὰρ
1114 1658 1259 1738 τοόςτό-

311 1783 393 1837 κους
414 1757 492 1825 οὔτε
515 1756 652 1843 τάρχαῖα
674 1758 834 1845 προσήκει
853 1757 939 1846 ἡμᾶς
959 1759 1147 1845 ἀπολαβεῖν.
1180 1765 1211 1826 εί
1225 1759 1255 1826 δ’

311 1863 399 1926 ἔστιν
417 1852 438 1940 ἡ
455 1862 539 1934 ναός
555 1862 621 1934 σῶς
637 1857 692 1923 καὶ
703 1857 748 1943 μη
760 1861 975 1945 διέφθαρται,
1000 1856 1053 1925 διό
1065 1865 1098 1925 τί
1106 1855 1185 1943 ἡμῖν
1196 1853 1257 1925 οάιι

269 1954 475 2030 33ἀποδίδως
491 1953 532 2018 τοὶ
542 1952 689 2039 χρήματα
702 1952 723 2020 δι’
734 1956 948 2041 συνεγράψω
971 1957 1080 2024 πόθεν
1090 1948 1153 2022 οὖν
1163 1953 1258 2041 ἀκρι-

311 2050 441 2142 βέστατ’
455 2047 499 2118 ἀν
509 2051 666 2137 μάθοιτε,
679 2044 837 2140 οδάνδρες
843 2052 1024 2141 Ἀθηναῖοι,
1036 2054 1087 2123 ότι
1098 2058 1257 2122 σέσωσται

310 2148 442 2239 ἡναῦς;
465 2150 606 2236 μάλιστα
621 2150 682 2236 μὲν
699 2154 732 2232 ἐξ
749 2150 856 2220 αὐτοῦ
871 2161 933 2221 τοῦ
949 2152 1032 2221 εἶναι
1049 2152 1111 2239 τὴν
1123 2161 1211 2220 ναῦν
1222 2155 1257 2220 έν

311 2256 394 2340 πλῷ,
406 2248 466 2336 οὐχ
476 2242 575 2337 ἦττον
587 2253 687 2319 δὲκαὶ
698 2254 730 2332 ἐξ
741 2244 789 2321 όν
799 2242 894 2322 αιἰτοὶ
902 2245 994 2322 οὗτοι
1003 2255 1166 2336 λέγουσιν.
1188 2249 1255 2331 ἀξι-

311 2359 387 2418 οῦσι
395 2350 460 2436 γὰρ
470 2347 555 2438 ἡμᾶς
564 2350 606 2418 ια’
617 2374 652 2419 τε
663 2349 780 2438 ἀρχαῖα
790 2350 970 2438 ἀπολαβεῖν
980 2354 1034 2419 καὶ
1044 2355 1141 2437 μέρος
1149 2355 1257 2417 τιτῶν

310 2449 437 2534 τόκων,
458 2445 502 2527 ὥς
519 2455 724 2538 σεσωσμένης
735 2451 798 2538 μὲν
807 2459 864 2539 τῆς
875 2450 972 2537 νεός,
984 2449 1026 2519 οὐ
1037 2456 1319 2527 πεπλευκυίαςιῖῖδ

269 2563 303 2616 34
312 2550 347 2617 δὲ
358 2549 465 2616 τιάντα
475 2546 535 2616 τόν
544 2556 661 2617 πλοῦν.
686 2565 835 2618 σκοπεῖτε
847 2550 902 2634 δὲ,
912 2543 939 2618 ὦ
949 2546 1255 2634 ἀνδρεςἏθηναῖοι,

311 2648 455 2732 πότερον
464 2644 555 2734 ἡμεῖς
564 2662 632 2727 τοῖς
643 2651 680 2717 ἑκ
688 2658 745 2736 τῆς
754 2658 948 2736 συγγραφῆς
958 2653 1094 2726 δικαίοις
1101 2648 1257 2733 χρώμεθα

310 2739 454 2833 ἢοῦτοι,
473 2742 593 2813 οῖοότε
604 2752 650 2826 είς
661 2745 698 2814 τό
712 2755 930 2834 συγκείμενον
940 2745 1099 2834 ἐμπόριον
1110 2744 1253 2812 πεπλεύ-

310 2867 423 2932 κασιν,
446 2841 518 2911 ἀλλ’
533 2840 958 2931 είςῬόδονκαίΑίγνπτον,
982 2850 1145 2928 σωθείσης
1154 2869 1190 2909 τε
1199 2851 1257 2927 τῆς

310 2944 394 3023 νειὸς
409 2946 464 3011 καί
482 2941 523 3010 οὐ
539 2946 784 3031 διεφθαρμένης
801 2943 922 3030 ἀφεσιν
938 2953 1064 3011 οῖονται
1080 2946 1150 3009 δεῖν
1167 2939 1258 3028 εὑρί-

310 3051 451 3109 σκεσθαι
461 3050 528 3109 τοῖν
536 3042 646 3111 τόκων
658 3042 1071 3128 παρασυγγεγραφηκότες,
1095 3043 1151 3108 καὶ
1163 3037 1258 3107 αὐτοὶ

309 3142 370 3224 μὲν
381 3138 486 3208 πολλοὶ
496 3139 635 3229 χρήματ’
647 3146 853 3227 εἰργασμένοι
862 3139 952 3228 παρὰ
962 3139 1024 3227 τὴν
1036 3147 1185 3230 σιτηγίαν
1195 3137 1258 3226 τὴν

310 3235 486 3325 είςῬόδον,
503 3237 544 3306 τά
556 3238 588 3307 δ’
600 3237 740 3326 ἡμέτερα
751 3238 889 3326 χρήματ’
902 3245 1030 3325 ἔχοντες
1041 3239 1095 3306 καὶ
1106 3237 1258 3323 καρπού-

266 3345 402 3420 35μενοι
418 3338 575 3422 δεύτερον
583 3343 655 3417 έτος
664 3346 763 3407 τουτί.
787 3335 1029 3406 καινότατονδ’
1041 3335 1256 3405 ἐστῖπάντων

308 3432 345 3502 τό
356 3436 570 3522 γιγνόμενον·
591 3435 628 3504 τό
649 3437 784 3524 μὲνγὰρ
797 3434 979 3505 δάνειοντό
991 3434 1258 3521 ἀρχαῖονάποδι-

309 3531 427 3602 δόασιυ
442 3530 522 3619 ἡμῖν
538 3531 583 3614 ὥς
598 3539 805 3623 σεσωσμένης
815 3543 873 3621 τῆς
883 3534 981 3622 νεώς,
1003 3534 1081 3614 τούς
1091 3535 1211 3614 τόκους
1221 3531 1254 3602 δ’

309 3631 530 3717 ἀποστερῆσαι
547 3645 674 3703 οῖονται
691 3639 762 3703 δεῖν
773 3633 818 3714 τός
829 3639 1083 3721 διεφθαρμένης.
1115 3633 1255 3721 καίτοιὴ

300 3725 485 3814 συγγραφὴ
496 3727 557 3815 οὐχ
576 3732 670 3818 ἔτερα
680 3734 839 3819 μὲνλέγει
851 3732 1004 3820 περὶτῶν
1015 3732 1141 3818 τόκων,
1160 3732 1257 3818 ἕτερα
