3159 4409
322 473 364 540 70
532 474 615 536 XLV.
648 471 1063 534 ΔΗΜΟΣΘΕΝΟῬΣ

324 647 457 722 ματείον
479 633 511 702 δ’
532 632 623 727 αὑτῶ
640 638 903 719 καταλειφθῆναι
918 640 1125 720 μαρτυρήσω
1141 640 1274 719 φαῦλον

222 783 224 788 2
300 737 379 802 καί
395 731 503 804 οὐδέν
536 711 606 802 ἐστί
621 735 658 803 δὲ
674 731 764 801 τοῦτ’
783 730 865 800 αύτδ
881 759 917 800 το
907 730 1274 819 δηλούνκαίκατηγο-

281 841 315 896 21
326 839 410 920 ρούν
426 833 477 903 ότι
493 842 560 902 τῶν
576 832 612 905 τὸ
632 839 765 918 πρᾶγμα
776 833 1065 901 κατεσκευάκασιν
1096 833 1196 919 εἰμεν
1206 831 1272 918 γάρ

287 935 409 1022 ἐπήν
424 937 476 1003 ἐιιδ
491 942 548 1020 τῆς
567 929 748 1019 διαθήκης
749 929 937 1010 Πασίωνος
953 934 1008 1000 καί
1024 927 1273 1018 Φορμίωνος””
1249 959 1271 1017 η

328 1032 424 1118 ιιρος
434 1030 628 1119 Φορμίωνα
642 1056 806 1119 ητοιουτο
817 1057 898 1114 τι,
882 1027 1048 1109 ίκοτως
1026 1058 1069 1098 αν
1080 1056 1187 1117 αυτην
1197 1030 1273 1117 ἐτη-

325 1159 376 1217 ρει
385 1159 506 1222 τουτφ·
530 1139 560 1201 εί
547 1130 651 1216 δ,
624 1151 734 1215 ωσπερ
746 1155 1007 1218 μεμαρτυρηκεν,
1017 1126 1124 1216 ἐιιην
1128 1129 1272 1216 διαθήκη

321 1229 546 1315 “Πασίωνος,”
562 1240 631 1310 τῶς
642 1229 704 1299 ούκ
715 1225 758 1298 δν
770 1228 944 1318 ἀνῃρήμην
954 1227 1059 1314 αύτην
1068 1228 1275 1315 ἐγῶ,.συνει-

326 1330 391 1410 δῶς
400 1333 460 1417 μὲν
469 1334 601 1420 ἐμαυτῷ
608 1333 760 1418 μέλλοντι
770 1331 970 1415 δικάζεσθαι,
983 1327 1143 1407 συνειδῶς
1153 1327 1180 1396 δ’
1190 1325 1281 1397 ύιτε-“
1367 1408 1369 1413 ¹

326 1435 463 1498 κασσίαν
480 1422 588 1499 οὖσαν
593 1480 603 1514 ,
625 1439 716 1517 είιιερ
732 1422 778 1517 ἦν
794 1429 945 1514 τοιαύτη,
966 1443 1034 1507 τοῖς
1044 1433 1173 1517 ἐμαυτῷ
1188 1448 1276 1515 σνμ-
1338 1513 1341 1517 .

326 1534 481 1617 φέρουσι,
496 1530 700 1619 κληρονόμος
713 1533 748 1598 δὲ
759 1529 809 1597 ῶν
819 1531 874 1597 καὶ
883 1527 1018 1614 ταύτης,
1036 1539 1127 1616 είιιερ
1138 1522 1183 1615 ήν
1193 1526 1276 1597 τού-
1300 1561 1303 1565 ·

283 1648 317 1702 22
326 1637 391 1716 μού
403 1629 542 1716 πατρὸς,
553 1632 685 1698 καὶτῶν
696 1629 809 1697 ἄλλων
819 1627 982 1718 πατρῴων
993 1624 1130 1714 ὁμοίως;
1148 1625 1275 1696 ούκούν

325 1735 373 1816 τῶ
390 1730 590 1812 παρέχεσθαι
605 1728 666 1812 μὲν
677 1734 864 1812 Φορμίωνι,
886 1725 1077 1811 γεγράφθαι
1094 1729 1129 1794 δὲ
1139 1733 1276 1794 Πασίω-

326 1851 393 1909 νος,
406 1831 539 1894 εἰᾶσθαι
551 1824 582 1893 δ’
594 1823 648 1911 ὑφ’
661 1823 769 1912 ήμῶν,
783 1829 979 1911 ἐξελέγχεται
988 1827 1273 1913 κατεσκευασμένη
1284 1847 1352 1902 11oe

328 1921 423 2012 μένή
442 1926 603 2012 διαθήκη,
625 1926 751 2012 ψευδής
767 1923 798 1993 δ’
810 1922 831 2011 ή
842 1933 903 1993 τού
912 1932 1178 2015 Κηφισοφῶντος
1188 1951 1275 2012 μαρ-

327 2029 430 2108 τυρία.
459 2020 532 2092 ἀλλ’
545 2026 590 2092 ἐῶ
600 2031 867 2110 Κηφισοφῶντα·
887 2023 964 2092 ούτε
974 2023 1038 2110 γάρ
1050 2032 1116 2093 νῶν
1126 2051 1181 2112 μοι
1192 2024 1276 2110 πρὸς

327 2121 456 2190 ἐκεῖνόν
478 2125 570 2191 ἐστιν
599 2120 670 2190 ούτ’
690 2124 916 2210 ἐμαρτύρησεν
932 2129 1055 2204 ἐκεῖνος
1071 2126 1146 2210 περὶ
1161 2133 1229 2193 τῶν
1238 2129 1276 2194 ἐν

283 2234 397 2299 υδταϊς
411 2222 588 2311 διαθήκαις
603 2221 749 2291 ἐνόντων
765 2221 872 2290 ούδέν.
902 2230 1007 2292 καίτοι
1020 2226 1183 2292 καὶτοῦτο
1195 2246 1277 2293 σκο-

327 2336 431 2405 ιιεῑτε,
451 2319 533 2388 οσον
543 2323 610 2390 εστὶ
619 2347 814 2408 τεκμήριον,
837 2349 863 2389 ω
851 2315 1013 2408 ανδρες
1008 2332 1192 2408 Αθηναιοι,
1214 2331 1277 2391 τού

325 2420 515 2498 τούτουςτα
502 2417 934 2509 φενδήμεμαρτυρηκέναι
962 2417 1277 2507 είγίιρὸμεναύτός

326 2525 410 2606 ἔχειν
426 2518 463 2588 τδ
480 2535 702 2607 γραμματειον
719 2528 898 2607 μαρτυρῶν
914 2519 978 2589 οὐκ
994 2513 1171 2607 ἐτόλμησεν
1182 2519 1276 2589 ἄντί-

326 2645 439 2705 γραφα
477 2616 604 2687 εἶναι“
582 2647 602 2685 α
619 2626 790 2704 παρείχετο
805 2627 964 2706 Φορμίων
989 2629 1057 2689 τῶν
1086 2617 1166 2704 παρ’
1184 2616 1276 2709 αύτῷ

326 2727 543 2807 μαρτυρήσαι,
557 2711 650 2787 οὗτοι
660 2717 752 2787 δὲ”
709 2745 786 2786 οντε
798 2717 859 2799 ἐξ’
841 2727 940 2806 αρχῆς
951 2715 996 2796 ῶς
1006 2726 1159 2804 παρήσαν
1170 2724 1276 2803 ἔχοιεν

327 2815 370 2886 άν
387 2825 490 2886 εἰπεῖν
516 2815 595 2885 ούτε
622 2814 781 2903 άνοιχθέν
800 2817 890 2886 εἶδον
905 2815 988 2901 πρὸς
1003 2823 1048 2905 τῷ
1071 2820 1216 2905 διαιτητῇ
1236 2816 1274 2884 τὸ

325 2930 562 3003 γραμματεῖον,
575 2913 658 2984 άλλίι
669 2918 724 2984 καὶ
735 2914 1025 3004 μεμαρτυρήκασιν
1035 2915 1129 2983 αύτοὶ
1139 2914 1184 3002 μή
1197 2919 1275 2984 ἐθέ-

325 3023 395 3083 λειν
411 3015 467 3103 ἐμὲ
484 3011 647 3100 άνοίγειν,
668 3023 772 3084 ταῦτα
785 3014 830 3095 ῶς
840 3016 1026 3102 ἀντίγραφά
1037 3018 1127 3084 ἐστιν
1137 3019 1273 3084 ἐκείνων

324 3114 624 3201 μεμαρτυρηκότες,
636 3141 666 3182 τι
662 3114 791 3184 dim·
768 3143 789 3203 η
801 3122 898 3201 σφῶν
909 3114 1021 3183 αὐτῶν
1030 3114 1206 3201 κατήγοροι
1216 3141 1274 3200 γε·

324 3211 464 3296 γόνασιν
485 3241 536 3283 οτι
553 3214 749 3297 φεύδονται;

274 3327 309 3381 24
400 3307 468 3377 ’Έτι
484 3306 665 3397 τοίνυν,
639 3341 664 3383 ω
684 3314 806 3398 ἄνδρες
823 3311 1051 3402 Ἀθηναῖοι,
1029 3342 1074 3394 ως
1093 3287 1276 3400 γε’γραιιταί

324 3435 372 3487 τις
388 3403 432 3475 ῶν
448 3410 649 3490 ἐξετάσας
613 3438 675 3499 την
691 3418 878 3499 μαρτυρίαν
888 3420 983 3499 γνοίη
994 3418 1162 3489 παντελῶς
1172 3417 1271 3478 τούτο
1295 3439 1297 3443 ’

323 3512 612 3593 μεμηχανημένους
623 3509 762 3597 αύτούς,
774 3509 863 3590 ὅπως
875 3517 1007 3591 δικαίως
1017 3515 1072 3580 καὶ
1082 3509 1202 3589 άδίκως
1213 3509 1272 3577 δό-

321 3610 367 3685 ξει
377 3613 480 3674 ταῦτα
491 3603 509 3676 ὁ
520 3609 626 3696 πατήρ
637 3608 739 3695 οὑμὸς
753 3615 940 3680 διαθέσθαι.
965 3608 1083 3698 naam
1093 3605 1272 3696 αύτήυτήν
1361 3635 1364 3640 ·
