3159 4409
297 483 339 550 54
496 485 593 542 ταν.
620 434 1079 540 ΛΗΜοΣοσαο’ν“Σ’

296 643 449 733 ἡγεῖσθαι
462 645 532 711 δεῖν
550 646 586 709 έν
602 639 813 716 Ἐλευσινίοις
828 663 863 704 τε
878 634 940 723 τήν
955 635 1112 724 πατρηίαν
1127 633 1248 704 ούσίαν

298 739 599 826 έπανελθῶνέχειν,
613 734 661 824 ἐφ’
672 737 693 804 ά
704 736 731 805 τ’
744 736 955 821 εἰσεποιήθη,
974 734 1017 821 μή
1037 734 1133 814 ὄντος
1151 738 1246 825 ἐντῶ

299 852 379 932 οίκφ
396 844 491 924 υίοῦ,
513 838 714 906 καὶτούτων
732 837 847 919 κύριος
867 840 1033 920 γενέσθαι.
1067 837 1122 902 καὶ
1143 842 1247 902 ταῦτα

299 941 406 1008 πάντα
415 943 537 1026 ῥᾳδίως
553 941 736 1004 διοικεῖται·
759 933 843 1021 πρός
860 932 926 1020 γάρ
943 933 1146 1020 ἀνθρώπους
1161 933 1248 1021 ήμάς

299 1042 439 1127 πένητας
449 1034 700 1114 καλάδυνάτους
712 1040 796 1121 ἔχων
812 1032 1004 1102 ἀναλίσκειν
1020 1037 1056 1101 ἐκ
1067 1041 1135 1100 τῶν
1147 1031 1248 1101 ἀλλο-

298 1144 398 1224 τρέων
409 1133 496 1205 πολύ
508 1140 680 1221 περίεστιν.
705 1133 821 1219 διόπερ
833 1132 922 1218 οἶμαι
931 1130 1015 1218 ὑμεῖς
1027 1137 1098 1200 δεῖν
1108 1140 1249 1219 βοηθεῖν

297 1252 364 1316 τοῖς
375 1237 419 1322 μή
438 1239 675 1319 πλεονεκτῆσαί
685 1259 717 1299 τι
734 1235 967 1319 βουλομένοις,
993 1230 1061 1300 ἀλλ’
1076 1231 1249 1317 ἀγαπῶσιν
1269 1304 1280 1322 x

255 1343 292 1398 29
300 1334 358 1405 ἐάν
368 1362 416 1415 τις
426 1331 511 1422 ήμάς
522 1341 590 1401 τῶν
601 1333 718 1418 νόμιον
728 1335 765 1420 έᾷ
776 1327 962 1416 τυγχάνειν.
989 1337 1024 1398 τί
1036 1329 1100 1416 γάρ
1113 1336 1165 1399 δεῖ
1171 1354 1250 1398 ποι-

300 1450 348 1503 εῖν
358 1432 454 1521 ήμάς,
469 1425 626 1518 ῶάνδρες
637 1434 790 1499 δικασταί
794 1458 803 1510 ;
827 1430 880 1497 διά
897 1437 1000 1513 τριῶν
1016 1437 1074 1515 τῆς
1084 1430 1249 1514 ποιήσεως

300 1533 518 1621 ἐμμενούσης,
547 1534 602 1599 καὶ
629 1539 693 1598 τοῦ
713 1537 904 1598 τελευταίου
921 1531 1248 1615 ἐγκαταλειφθέντος,

299 1632 422 1701 τούτου
445 1633 584 1709 ἄπαιδος
603 1629 889 1715 τετελευτηκότος,
912 1626 959 1714 ,μή
982 1634 1185 1713 κομίσασθαι
1206 1623 1247 1694 τά

213 1741 216 1752 “
300 1727 425 1819 ἡμέτερ’
444 1728 556 1796 αὐτῶν
572 1729 682 1816 χρόνῳ
700 1732 794 1806 ποτέ;
821 1736 921 1795 τούτο
938 1735 1054 1795 τοίνυν
1071 1732 1200 1813 ἔχοντες
1210 1723 1248 1794 τό

301 1837 430 1903 δίκαιον
441 1829 599 1915 ἐλάχομεν
615 1835 678 1895 τού
695 1828 822 1913 κλήρου
836 1827 918 1909 πρὸς
934 1824 993 1895 τόν
1011 1826 1163 1912 ἄρχοντα.
1188 1818 1250 1892 ού-

292 1956 355 2009 ·τος
372 1930 407 1999 δέ
419 1929 595 2015 Λεωχάρης
606 1934 776 2014 προπετῶς
795 1923 1062 2012 διαμαρτυρήσας
1077 1922 1117 1992 τά
1129 1928 1248 2010 ψευδῆ,

207 2078 211 2083 -
302 2040 403 2099 οῖεται
423 2034 493 2096 δεῖν
513 2024 603 2110 παρά
625 2025 751 2106 πάντας
779 2022 858 2104 τούς
881 2024 1006 2110 νόμους
1027 2021 1251 2110 ἀποστερῆσαι

300 2127 386 2216 ήμᾶς
395 2135 453 2213 τής
464 2131 691 2212 κληρονομίας.
1246 2144 1249 2149 ·

207 2276 209 2281 .
260 2246 295 2300 30
380 2233 527 2310 Πρῶτον
543 2229 605 2311 μὲν
617 2218 697 2311 ούν,
716 2223 768 2292 ὅτι
782 2224 824 2292 τά
835 2250 870 2292 τε
881 2226 956 2310 περὶ
966 2225 1024 2303 τάς
1035 2224 1182 2310 ποιήσεις
1194 2225 1250 2289 καλ

301 2323 339 2392 τό
353 2327 449 2410 γένος
458 2323 495 2393 τό
507 2325 637 2393 τούτων
648 2322 759 2410 άληθή
776 2324 971 2412 εἰρήκαμεν,
993 2326 1049 2392 καλ
1071 2322 1091 2410 ή
1109 2333 1251 2408 λουτρο-

303 2421 406 2509 φόρος
417 2425 595 2508 ἐφέστηκεν
602 2424 653 2490 ἐπὶ
659 2431 707 2512 τῷ
716 2430 777 2491 τοῦ
786 2421 962 2509 Ἀρχιάδου
968 2423 1121 2516 μνήματι,
1128 2421 1252 2501 ταύτας

302 2518 383 2607 ύμῖν
393 2519 452 2600 τάς
464 2528 644 2607 μαρτυρίας
654 2520 833 2608 βουλόμεθ’
846 2523 1053 2609 ἀναγνῶναι·
1078 2517 1173 2590 ἔπειτ’Ι
1185 2520 1250 2609 ήδη

211 2663 216 2678 =
302 2621 357 2687 καλ
372 2617 411 2686 τά
431 2619 529 2686 λοιπά
547 2628 662 2704 σαφῶς
679 2621 855 2706 διδάξομεν
872 2618 973 2708 ύμάς,
997 2618 1069 2689 ὥστ’
1089 2624 1253 2706 ἐξελέγξαι
1284 2680 1287 2683 ,

302 2717 441 2797 τούτους
456 2719 497 2785 τά
514 2723 622 2804 ψευδῆ
643 2722 998 2806 διαμεμαρτυρηκότας.
1032 2730 1089 2790 καί
1104 2748 1160 2807 μοι
1171 2721 1252 2809 λαβὲ

302 2815 360 2895 τάς
370 2824 551 2903 μαρτυρίας
561 2813 599 2895 ἀς
610 2821 704 2902 λέγω.

646 2924 905 2987 MAPTYPIAI.

261 3033 294 3087 31
382 3012 416 3082 ‘0
428 3013 489 3100 μὲν
500 3019 617 3082 τοίνυν
628 3024 690 3082 τοῦ
701 3016 892 3104 πράγματος
903 3021 1000 3106 λόγος
1009 3022 1064 3088 καλ
1072 3018 1108 3087 τό
1121 3015 1253 3086 άπλοῦν

303 3119 430 3182 δίκαιον
441 3117 515 3201 περὶ
527 3122 584 3201 τῆς
595 3123 814 3208 κληρονομίας
826 3117 932 3199 οὕτως
943 3127 1018 3205 ἔχει,
1031 3111 1058 3188 ῶ
1069 3116 1189 3201 ἀνδρες
1201 3123 1253 3184 δι-
1261 3140 1331 3195 1090

303 3213 434 3297 κασταλ,
452 3221 520 3279 τῶν
535 3239 570 3280 τε
588 3223 829 3302 πεπραγμένων
839 3221 871 3299 ἐξ
882 3216 985 3306 ἀρχῆς
996 3216 1081 3287 αύτά
1092 3217 1132 3286 τά
1144 3218 1252 3304 κεφά-
1297 3293 1301 3303 „

302 3320 379 3380 λαια
397 3311 515 3396 σχεδόν
532 3337 564 3378 τι
580 3311 752 3401 ἀκηκόατε.
784 3314 860 3386 δ’δὲ
876 3316 957 3402 μετὰ
974 3315 1037 3404 τήν
1051 3325 1113 3387 τοῦ
1124 3317 1253 3403 κλήρου

254 3466 257 3474 .
302 3414 396 3497 λῆξιν
405 3413 599 3499 πεποιήκασι
609 3414 664 3483 καὶ
675 3409 716 3482 δν
726 3416 853 3502 τρόπον
862 3413 1144 3503 ήμῖνκεχρημένοι
1158 3419 1252 3501 εἰσὶν,

302 3506 484 3595 ἀναγκαῖον
504 3519 624 3599 νυμιζω
646 3513 763 3582 εἰπεῖν’
822 3513 913 3600 οἶμαι
942 3515 1006 3599 γάρ
1028 3518 1101 3600 περὶ
1122 3514 1253 3601 κλήρου

302 3607 417 3694 ἀγῶνα
424 3611 570 3702 μηδένας
587 3611 708 3691 ἀλλους
725 3620 1025 3698 παρανενομῆσθαι
1042 3620 1181 3681 τοιαῦτα
1199 3607 1254 3680 οἷα

262 3703 399 3794 λκήμάς.
431 3711 541 3796 ἐπειδή
564 3709 627 3797 γάρ
655 3711 866 3798 ἐτελεύτησεν
894 3709 911 3777 ὁ
934 3711 1132 3797 Λεωκράτης
1154 3713 1210 3778 καλ
1230 3733 1251 3791 η
