3159 4409
311 489 355 552 ιο
521 491 610 548 xmu.
633 446 1054 547 Λεειιοεοεκουε
1156 503 1161 509 ·

354 648 418 729 ξῖδις
434 653 484 714 καὶ
501 645 653 735 ἀριστερὰς
671 642 858 756 ἀνίσχοντας,
884 654 1080 732 μνασιδωρεῖν
1096 644 1187 713 καττὰ
1202 643 1262 713 πά-

353 759 434 820 τρια·
449 733 520 822 ,ήρηι
531 730 690 819 ἀρχηγέτα,
708 757 743 796 ου
758 729 909 813 ἐπώνυμοί
925 735 995 812 έστε,
1006 731 1095 798 θάειν
1105 737 1156 796 καί
1167 739 1261 816 δωρο-

353 827 444 883 τελεῖν
465 807 556 883 καττά
571 804 694 901 πάάρια·
727 823 788 890 τοῖς
812 810 1028 897 ἀποφθιμένοις
1049 819 1081 881 ἐν
1101 819 1262 905 ἱκνουμένᾳ

355 899 448 991 ἁμέρα
458 911 550 967 τελεῖν
560 897 627 977 τοὺς
636 903 818 975 ποθίκοντας
832 896 923 963 καττὰ
935 895 1089 984 ἀγημένα]

268 1051 301 1107 67
334 1075 338 1082 ν
368 1028 552 1127 φἈκούετε,
565 1020 592 1094 ώ
603 1025 722 1112 ἀνδρες
734 1029 899 1111 δικασταὶ,
919 1027 970 1095 ὅτι
981 1026 1084 1115 ταύτά
1096 1031 1183 1113 λέγει
1195 1027 1216 1096 ὅ
1225 1055 1261 1097 τε

311 1128 432 1197 Σόλων
444 1130 481 1195 έν
490 1139 558 1204 τοῖς
569 1126 684 1211 νόμοις
694 1123 777 1197 καὶὸ
790 1124 871 1204 θεδς
881 1130 918 1194 έν
932 1136 973 1215 τῇ
983 1136 1130 1217 μαντείᾳ,
1143 1129 1262 1196 κελεά-
1271 1147 1337 1202 1073

312 1253 360 1294 ων
369 1239 437 1305 τοῖς
448 1228 691 1310 κατοιχομένοις
702 1239 809 1292 ποιεῖν
817 1226 895 1304 τούς
907 1228 1135 1314 προσήκοντας
1144 1231 1181 1296 έν
1191 1243 1262 1308 ταῖς

309 1326 539 1411 καθηκούσαις
548 1321 693 1409 ήμέραις.
721 1321 806 1392 ἀλλά
817 1323 947 1391 τούτων
958 1325 1058 1394 οὐδὲν
1069 1332 1161 1412 ἔμελε
1176 1335 1261 1394 Θεο-

310 1425 429 1513 πόμπῳ
446 1424 525 1492 οὐδὲ
542 1423 755 1511 Μακαρτάτῳ
774 1424 898 1512 τούτῳ,
925 1421 1008 1492 ἀλλὰ
1026 1426 1260 1511 τοῦτομόνον,

309 1523 349 1592 τά
361 1522 405 1610 μή
419 1523 630 1610 προσήκοντα
642 1526 770 1601 ἑαυτοῖς
781 1527 883 1608 ἔχειν,
901 1525 957 1590 καὶ
973 1528 1122 1608 ἐγκαλεῖν
1134 1522 1185 1592 ὅτι
1197 1548 1261 1591 πο-

310 1621 375 1692 λδν
386 1624 508 1708 χρόνον
524 1623 669 1707 ἐχόντων
684 1625 813 1690 έαυτοῖν
829 1620 889 1691 τόν
907 1631 1032 1710 κλῆρον
1049 1625 1127 1694 νυνὶ
1137 1621 1262 1708 ἀγωνί-

311 1728 429 1802 ζονται.
462 1723 524 1805 ἐγώ
538 1720 568 1788 δ’
584 1721 694 1809 ᾤμην,
721 1714 880 1805 ώάνδρες
891 1723 1056 1805 δικασταὶ,
1079 1722 1261 1807 προσήκειν

310 1820 370 1889 τὸν
387 1818 564 1905 τάλλότρια
581 1817 703 1897 ἀδίκως
719 1824 835 1904 ἔχοντα
852 1818 913 1886 οὐκ
931 1825 1097 1903 ἐγκαλεῖν,
1120 1827 1149 1888 εί
1159 1827 1261 1889 πλείω

310 1916 638 2007 χρόνουείχεν,“άλλά
660 1917 916 2004 χάριυείδέναι,
939 1917 983 2004 μή
1005 1916 1097 2005 ήμῖν,
1115 1918 1198 1988 ἀλλὰ
1220 1928 1261 2007 τῇ

310 2018 410 2106 τάχη,
432 2018 483 2086 ότι
499 2020 617 2086 πολλοὶ
639 2019 695 2084 καὶ
723 2015 899 2101 ἀναγκαῖαι
921 2021 1085 2105 διατριβαί
1107 2021 1259 2102 ἐγένοντο

312 2121 349 2185 έν
364 2124 410 2208 τῷ
430 2115 551 2202 μεταξτ)
569 2116 691 2204 χρόνῳ,
709 2115 793 2183 ώστε
804 2125 869 2183 νῦν
879 2119 952 2202 περὶ
964 2118 1092 2185 τούτων
1104 2114 1261 2203 ἀγωνίζε-

311 2226 407 2284 σθαι,

268 2333 303 2388 68
395 2307 498 2383 Οὗτοι
509 2316 570 2402 μέν
582 2309 647 2384 οὖν
656 2324 802 2385 τοιοῦτοί
811 2324 895 2385 είσιν
906 2309 1260 2401 άνθρωποι,ώάνδρες
1321 2383 1323 2385 ,

311 2419 470 2503 δικασταὶ,
482 2419 537 2486 καὶ
547 2422 637 2503 μέλει
648 2416 759 2496 αὐτοῖς
770 2415 870 2485 οὐδὲν
881 2414 958 2483 οὔτε
969 2425 1031 2483 τοῦ
1041 2425 1137 2483 οῖκου
1148 2418 1260 2502 ἐξερη-

311 2519 479 2601 μουμένου
495 2525 556 2584 τοῦ
572 2515 706 2601 Ἁγνίου
723 2515 800 2583 οὔτε
816 2525 883 2583 τοῖν
901 2515 1013 2583 άλλων
1029 2513 1091 2582 ὅσα
1110 2539 1260 2599 παρανο-

311 2619 446 2698 μοῦσιν·
470 2617 588 2694 οἵτινές
598 2641 646 2701 γε,
659 2610 686 2682 ώ
698 2623 765 2683 Ζεῦ
778 2616 831 2682 καὶ
841 2617 934 2698 θεοὶ,
952 2612 992 2681 τά
1009 2615 1071 2699 μὲν
1081 2613 1165 2682 άλλα
1175 2622 1209 2682 τί
1217 2614 1260 2682 άν

311 2736 359 2790 τις
376 2716 465 2797 λέγοι
481 2716 555 2797 περὶ
573 2714 714 2792 τοάτών;
737 2715 843 2781 πολλὰ
861 2713 925 2798 γάρ
943 2709 987 2780 ἀν
1008 2724 1057 2799 εἴη
1075 2717 1199 2798 λέγειν·
1222 2717 1260 2782 ἓν

311 2809 347 2878 δέ
371 2810 653 2896 παρανομώτατον
674 2815 730 2880 καλ
750 2810 965 2899 μιαρώτατον
979 2817 1260 2899 διαπεπραγμένοι

314 2911 385 2995 είσλ,
398 2911 452 2976 καὶ
464 2906 588 2994 μάλιστ’
601 2911 849 2996 ἐνδεικνύμενοι
860 2909 911 2977 ὅτι
927 2908 1066 2991 οὐδενός
1077 2911 1190 2990 αὐτοῖς
1199 2915 1260 2997 μέ-

269 3016 362 3085 εολει
379 3006 466 3095 πλήν
483 3015 543 3076 τοῦ
560 3019 779 3078 πλεονεκτεῖν.
816 3008 936 3095 οὐγὰρ
954 3016 1044 3096 ἔφθη
1063 3009 1259 3096 Θεόπομπος

313 3107 374 3192 τήν
385 3111 590 3178 ἐπιδικασίαν
602 3112 825 3196 ποιησάμενος
842 3117 902 3177 τοῦ
920 3109 1048 3196 κλήρου
1058 3107 1260 3192 τοῦἈγνίου
1293 3101 1296 3104 ⁴

311 3205 371 3272 τόν
382 3206 506 3289 τρόπον
516 3216 637 3276 τοῦτον
649 3206 690 3276 δν
700 3207 794 3295 ὑμεῖς
805 3208 985 3296 ἀκηκόατε,
1003 3212 1058 3277 καὶ
1069 3208 1176 3288 εάθδς
1186 3213 1260 3277 ένε-

312 3306 437 3383 δείξατο
449 3305 498 3374 ότι
509 3306 549 3373 τά
560 3306 660 3375 οὐδέν
671 3309 875 3395 προσήκονθ’
888 3313 995 3400 ἑαυτῷ
1005 3314 1091 3393 ἔχειν
1101 3309 1259 3394 ἐνόμιζεν.

311 3397 332 3469 δ
347 3398 412 3487 γάρ
430 3394 472 3485 ἦν
488 3412 643 3474 πλείστου
660 3406 753 3488 άξιον
772 3412 807 3476 έν
819 3422 886 3487 τοῖς
901 3414 1031 3494 χωρίοις
1047 3423 1114 3488 τοῖς
1125 3408 1260 3494 Ἁγνίου

311 3505 365 3568 καὶ
376 3502 580 3586 ἐθαυμάζετο
592 3507 732 3591 μάλιστα
751 3505 817 3574 ὑπό
831 3515 899 3574 τοῖν
910 3507 1115 3594 προσχώρων
1125 3509 1181 3576 καὶ
1192 3505 1258 3574 ὖπδ

311 3605 380 3666 τοῖν
390 3597 502 3667 άλλων
513 3598 724 3691 ἀνθρώπων,
749 3610 785 3672 αῖ
806 3607 915 3688 ἐλᾶαι,
936 3606 1057 3685 ταάτας
1074 3606 1260 3690 ἐξώρυττον

311 3698 368 3765 καλ
378 3699 620 3801 ἐξεπρέμνιζον,
643 3698 771 3788 πλεῖνή
780 3709 866 3788 χίλια
878 3708 1026 3791 στελέχη,
1043 3704 1129 3773 ὅθεν
1146 3711 1260 3774 ἔλαιον
