<?xml version="1.0" encoding="UTF-8"?>
<!DOCTYPE html PUBLIC "-//W3C//DTD XHTML 1.0 Transitional//EN"
    "http://www.w3.org/TR/xhtml1/DTD/xhtml1-transitional.dtd">
<html xmlns="http://www.w3.org/1999/xhtml" xml:lang="en" lang="en">
 <head>
  <title>
</title>
<meta http-equiv="Content-Type" content="text/html;charset=utf-8" />
  <meta name='ocr-system' content='tesseract 3.04.00' />
  <meta name='ocr-capabilities' content='ocr_page ocr_carea ocr_par ocr_line ocrx_word'/>
</head>
<body>
  <div class='ocr_page' id='page_1' title='image "./orationesexrece02demogoog_0048.png"; bbox 0 0 3159 4409; ppageno 0'>
   <div class='ocr_carea' id='block_1_1' title="bbox 363 481 1100 577">
    <p class='ocr_par' dir='ltr' id='par_1_1' title="bbox 363 481 1100 577">
     <span class='ocr_line' id='line_1_1' title="bbox 363 481 1100 577; baseline -0.007 -30"><span class='ocrx_word' id='word_1_1' title='bbox 363 481 405 547; x_wconf 74' lang='grc' dir='ltr'><strong><em>ιο</em></strong></span> <span class='ocrx_word' id='word_1_2' title='bbox 449 572 454 577; x_wconf 26' lang='grc'><em>,</em></span> <span class='ocrx_word' id='word_1_3' title='bbox 549 487 640 546; x_wconf 75' lang='grc' dir='ltr'><strong><em>ιιιιι.</em></strong></span> <span class='ocrx_word' id='word_1_4' title='bbox 677 482 1100 544; x_wconf 76' lang='grc' dir='ltr'><strong><em>ΔΗΜοΣοπΝοοΣ</em></strong></span> 
     </span>
    </p>
   </div>
   <div class='ocr_carea' id='block_1_2' title="bbox 322 642 1385 3811">
    <p class='ocr_par' dir='ltr' id='par_1_2' title="bbox 405 642 1314 814">
     <span class='ocr_line' id='line_1_2' title="bbox 405 642 1314 762; baseline 0 -50"><span class='ocrx_word' id='word_1_5' title='bbox 405 675 470 730; x_wconf 88' lang='grc' dir='ltr'><strong><em>ται,</em></strong></span> <span class='ocrx_word' id='word_1_6' title='bbox 492 658 552 725; x_wconf 88' lang='grc' dir='ltr'><strong><em>τοῖς</em></strong></span> <span class='ocrx_word' id='word_1_7' title='bbox 567 653 683 730; x_wconf 82' lang='grc' dir='ltr'><strong><em>ταμίαις</em></strong></span> <span class='ocrx_word' id='word_1_8' title='bbox 699 675 758 712; x_wconf 83' lang='grc' dir='ltr'><strong><em>των</em></strong></span> <span class='ocrx_word' id='word_1_9' title='bbox 773 655 825 730; x_wconf 84' lang='grc' dir='ltr'><strong><em>τής</em></strong></span> <span class='ocrx_word' id='word_1_10' title='bbox 840 653 923 710; x_wconf 81' lang='grc' dir='ltr'><strong><em>θεοῦ.</em></strong></span> <span class='ocrx_word' id='word_1_11' title='bbox 956 642 1009 711; x_wconf 82' lang='grc' dir='ltr'><strong><em>ἐὰν</em></strong></span> <span class='ocrx_word' id='word_1_12' title='bbox 1021 650 1052 712; x_wconf 82' lang='grc' dir='ltr'><strong><em>δὲ</em></strong></span> <span class='ocrx_word' id='word_1_13' title='bbox 1062 676 1102 762; x_wconf 90' lang='grc' dir='ltr'><strong><em>μη</em></strong></span> <span class='ocrx_word' id='word_1_14' title='bbox 1090 645 1314 732; x_wconf 76' lang='grc' dir='ltr'><em>ἐγγράφωσιν,</em></span> 
     </span>
     <span class='ocr_line' id='line_1_3' title="bbox 407 729 705 834; baseline 0 -37"><span class='ocrx_word' id='word_1_15' title='bbox 407 733 489 798; x_wconf 82' lang='grc' dir='ltr'><strong><em>αὐτοι</em></strong></span> <span class='ocrx_word' id='word_1_16' title='bbox 481 729 687 834; x_wconf 76' lang='grc' dir='ltr'><strong><em>ὀφειλόντων.</em></strong></span> <span class='ocrx_word' id='word_1_17' title='bbox 689 739 705 814; x_wconf 87' lang='grc'>]</span> 
     </span>
    </p>

    <p class='ocr_par' dir='ltr' id='par_1_3' title="bbox 322 843 1317 1924">
     <span class='ocr_line' id='line_1_4' title="bbox 322 843 1316 969; baseline -0.002 -54"><span class='ocrx_word' id='word_1_18' title='bbox 322 875 356 930; x_wconf 76' lang='lat'><strong><em>72</em></strong></span> <span class='ocrx_word' id='word_1_19' title='bbox 446 844 605 969; x_wconf 73' lang='grc' dir='ltr'><strong><em>’ομὲν’</em></strong></span> <span class='ocrx_word' id='word_1_20' title='bbox 566 873 667 933; x_wconf 84' lang='grc' dir='ltr'><strong><em>νομος</em></strong></span> <span class='ocrx_word' id='word_1_21' title='bbox 684 844 791 924; x_wconf 79' lang='grc' dir='ltr'><strong><em>οὕτως</em></strong></span> <span class='ocrx_word' id='word_1_22' title='bbox 808 845 950 930; x_wconf 81' lang='grc' dir='ltr'><strong><em>ἰσχυρός.</em></strong></span> <span class='ocrx_word' id='word_1_23' title='bbox 982 843 1147 912; x_wconf 77' lang='grc' dir='ltr'><strong><em>ἐκείνοδ</em></strong></span> <span class='ocrx_word' id='word_1_24' title='bbox 1157 847 1316 930; x_wconf 77' lang='grc' dir='ltr'><strong><em>ἐνθυμεί-</em></strong></span> 
     </span>
     <span class='ocr_line' id='line_1_5' title="bbox 366 936 1316 1032; baseline -0.005 -16"><span class='ocrx_word' id='word_1_25' title='bbox 366 958 429 1016; x_wconf 90' lang='grc' dir='ltr'><strong><em>σθε</em></strong></span> <span class='ocrx_word' id='word_1_26' title='bbox 440 947 524 1030; x_wconf 84' lang='grc' dir='ltr'><strong><em>πρὸς</em></strong></span> <span class='ocrx_word' id='word_1_27' title='bbox 534 943 621 1032; x_wconf 75' lang='grc' dir='ltr'><strong><em>ὑμᾶς</em></strong></span> <span class='ocrx_word' id='word_1_28' title='bbox 634 943 766 1031; x_wconf 79' lang='grc' dir='ltr'><strong><em>αυτους,</em></strong></span> <span class='ocrx_word' id='word_1_29' title='bbox 780 971 806 1010; x_wconf 93' lang='grc' dir='ltr'><strong><em>ω</em></strong></span> <span class='ocrx_word' id='word_1_30' title='bbox 795 936 941 1029; x_wconf 87' lang='grc' dir='ltr'><strong><em>άνδρες</em></strong></span> <span class='ocrx_word' id='word_1_31' title='bbox 952 945 1118 1029; x_wconf 81' lang='grc' dir='ltr'><strong><em>δικασταὶ,</em></strong></span> <span class='ocrx_word' id='word_1_32' title='bbox 1136 950 1169 1010; x_wconf 88' lang='grc' dir='ltr'><strong><em>τί</em></strong></span> <span class='ocrx_word' id='word_1_33' title='bbox 1183 941 1251 1010; x_wconf 87' lang='grc' dir='ltr'><strong><em>ποτ’</em></strong></span> <span class='ocrx_word' id='word_1_34' title='bbox 1264 953 1316 1021; x_wconf 83' lang='grc' dir='ltr'><strong><em>ρί-</em></strong></span> 
     </span>
     <span class='ocr_line' id='line_1_6' title="bbox 365 1043 1314 1133; baseline -0.003 -18"><span class='ocrx_word' id='word_1_35' title='bbox 365 1047 435 1119; x_wconf 81' lang='grc' dir='ltr'><strong><em>εσθ’</em></strong></span> <span class='ocrx_word' id='word_1_36' title='bbox 458 1044 543 1133; x_wconf 76' lang='grc' dir='ltr'><strong><em>ἡμᾶς</em></strong></span> <span class='ocrx_word' id='word_1_37' title='bbox 564 1044 702 1131; x_wconf 78' lang='grc' dir='ltr'><strong><em>πάσχειν</em></strong></span> <span class='ocrx_word' id='word_1_38' title='bbox 722 1048 759 1112; x_wconf 87' lang='grc' dir='ltr'><strong><em>ἐν</em></strong></span> <span class='ocrx_word' id='word_1_39' title='bbox 779 1051 828 1133; x_wconf 77' lang='grc' dir='ltr'><strong><em>τῷ</em></strong></span> <span class='ocrx_word' id='word_1_40' title='bbox 848 1045 1094 1129; x_wconf 74' lang='grc' dir='ltr'><strong><em>παρεληλυθότι</em></strong></span> <span class='ocrx_word' id='word_1_41' title='bbox 1115 1043 1225 1132; x_wconf 76' lang='grc' dir='ltr'><strong><em>χρόνῳ</em></strong></span> <span class='ocrx_word' id='word_1_42' title='bbox 1248 1043 1314 1112; x_wconf 82' lang='grc' dir='ltr'><strong><em>ὑπὸ</em></strong></span> 
     </span>
     <span class='ocr_line' id='line_1_7' title="bbox 364 1141 1315 1231; baseline -0.003 -16"><span class='ocrx_word' id='word_1_43' title='bbox 364 1146 494 1215; x_wconf 83' lang='grc' dir='ltr'><strong><em>τούτων</em></strong></span> <span class='ocrx_word' id='word_1_44' title='bbox 508 1147 562 1211; x_wconf 81' lang='grc' dir='ltr'><strong><em>καί</em></strong></span> <span class='ocrx_word' id='word_1_45' title='bbox 573 1141 640 1211; x_wconf 81' lang='grc' dir='ltr'><strong><em>ὑπὸ</em></strong></span> <span class='ocrx_word' id='word_1_46' title='bbox 651 1153 709 1231; x_wconf 86' lang='grc' dir='ltr'><strong><em>τής</em></strong></span> <span class='ocrx_word' id='word_1_47' title='bbox 720 1142 848 1230; x_wconf 81' lang='grc' dir='ltr'><strong><em>ὕβρεως</em></strong></span> <span class='ocrx_word' id='word_1_48' title='bbox 864 1151 921 1230; x_wconf 81' lang='grc' dir='ltr'><strong><em>τῆς</em></strong></span> <span class='ocrx_word' id='word_1_49' title='bbox 939 1142 1082 1230; x_wconf 83' lang='grc' dir='ltr'><strong><em>τούτων,</em></strong></span> <span class='ocrx_word' id='word_1_50' title='bbox 1101 1143 1188 1211; x_wconf 84' lang='grc' dir='ltr'><strong><em>ὅπου</em></strong></span> <span class='ocrx_word' id='word_1_51' title='bbox 1206 1143 1315 1230; x_wconf 72' lang='grc' dir='ltr'><strong><em>ὑμῶν,</em></strong></span> 
     </span>
     <span class='ocr_line' id='line_1_8' title="bbox 366 1241 1316 1332; baseline -0.005 -17"><span class='ocrx_word' id='word_1_52' title='bbox 366 1245 493 1325; x_wconf 86' lang='grc' dir='ltr'><strong><em>πόλεως</em></strong></span> <span class='ocrx_word' id='word_1_53' title='bbox 503 1246 725 1332; x_wconf 74' lang='grc' dir='ltr'><strong><em>τηλικαυτησί,</em></strong></span> <span class='ocrx_word' id='word_1_54' title='bbox 733 1241 1316 1329; x_wconf 78' lang='grc' dir='ltr'><strong><em>κατεφρόνησανκαίτωννόμωντων</em></strong></span> 
     </span>
     <span class='ocr_line' id='line_1_9' title="bbox 366 1341 1316 1433; baseline -0.005 -18"><span class='ocrx_word' id='word_1_55' title='bbox 366 1345 551 1433; x_wconf 79' lang='grc' dir='ltr'><strong><em>ὑμετέρων,</em></strong></span> <span class='ocrx_word' id='word_1_56' title='bbox 574 1348 628 1413; x_wconf 82' lang='grc' dir='ltr'><strong><em>καὶ</em></strong></span> <span class='ocrx_word' id='word_1_57' title='bbox 644 1342 664 1411; x_wconf 81' lang='grc' dir='ltr'><strong><em>δ</em></strong></span> <span class='ocrx_word' id='word_1_58' title='bbox 682 1342 866 1431; x_wconf 79' lang='grc' dir='ltr'><strong><em>διαρρήδην</em></strong></span> <span class='ocrx_word' id='word_1_59' title='bbox 884 1341 1152 1427; x_wconf 77' lang='grc' dir='ltr'><strong><em>ἀπαγορεύουσιν</em></strong></span> <span class='ocrx_word' id='word_1_60' title='bbox 1167 1348 1203 1412; x_wconf 89' lang='grc' dir='ltr'><strong><em>οί</em></strong></span> <span class='ocrx_word' id='word_1_61' title='bbox 1217 1343 1316 1429; x_wconf 85' lang='grc' dir='ltr'><strong><em>νόμοι</em></strong></span> 
     </span>
     <span class='ocr_line' id='line_1_10' title="bbox 366 1441 1315 1533; baseline -0.004 -19"><span class='ocrx_word' id='word_1_62' title='bbox 366 1445 411 1533; x_wconf 83' lang='grc' dir='ltr'><strong><em>μή</em></strong></span> <span class='ocrx_word' id='word_1_63' title='bbox 423 1459 541 1528; x_wconf 78' lang='grc' dir='ltr'><strong><em>ποιελν,</em></strong></span> <span class='ocrx_word' id='word_1_64' title='bbox 560 1443 683 1512; x_wconf 82' lang='grc' dir='ltr'><strong><em>οὑτωσί</em></strong></span> <span class='ocrx_word' id='word_1_65' title='bbox 692 1451 985 1529; x_wconf 78' lang='grc' dir='ltr'><strong><em>καταφρονητικῶς</em></strong></span> <span class='ocrx_word' id='word_1_66' title='bbox 993 1441 1150 1530; x_wconf 78' lang='grc' dir='ltr'><strong><em>ᾐκίσαντο</em></strong></span> <span class='ocrx_word' id='word_1_67' title='bbox 1161 1441 1201 1509; x_wconf 85' lang='grc' dir='ltr'><strong><em>τὰ</em></strong></span> <span class='ocrx_word' id='word_1_68' title='bbox 1212 1450 1315 1528; x_wconf 83' lang='grc' dir='ltr'><strong><em>χωρία</em></strong></span> 
     </span>
     <span class='ocr_line' id='line_1_11' title="bbox 367 1540 1315 1639; baseline -0.003 -27"><span class='ocrx_word' id='word_1_69' title='bbox 367 1543 389 1611; x_wconf 67' lang='grc' dir='ltr'><strong><em>δι’</em></strong></span> <span class='ocrx_word' id='word_1_70' title='bbox 406 1551 578 1612; x_wconf 84' lang='grc' dir='ltr'><strong><em>κατέλιπεν</em></strong></span> <span class='ocrx_word' id='word_1_71' title='bbox 591 1540 731 1628; x_wconf 76' lang='grc' dir='ltr'><strong><em>Ἀγνίοις.</em></strong></span> <span class='ocrx_word' id='word_1_72' title='bbox 762 1540 779 1609; x_wconf 88' lang='grc' dir='ltr'>ὁ</span> <span class='ocrx_word' id='word_1_73' title='bbox 800 1542 836 1611; x_wconf 72' lang='grc' dir='ltr'><strong><em>δὲ</em></strong></span> <span class='ocrx_word' id='word_1_74' title='bbox 857 1541 960 1627; x_wconf 86' lang='grc' dir='ltr'><strong><em>νόμος</em></strong></span> <span class='ocrx_word' id='word_1_75' title='bbox 971 1540 1172 1627; x_wconf 81' lang='grc' dir='ltr'><strong><em>άπαγορεάει</em></strong></span> <span class='ocrx_word' id='word_1_76' title='bbox 1188 1540 1265 1628; x_wconf 87' lang='grc' dir='ltr'><strong><em>μηδ’</em></strong></span> <span class='ocrx_word' id='word_1_77' title='bbox 1278 1545 1315 1639; x_wconf 78' lang='grc' dir='ltr'><strong><em>ἐμ</em></strong></span> 
     </span>
     <span class='ocr_line' id='line_1_12' title="bbox 366 1640 1315 1730; baseline -0.002 -20"><span class='ocrx_word' id='word_1_78' title='bbox 366 1650 427 1710; x_wconf 84' lang='grc' dir='ltr'><strong><em>τοῦ</em></strong></span> <span class='ocrx_word' id='word_1_79' title='bbox 437 1640 543 1709; x_wconf 80' lang='grc' dir='ltr'><strong><em>αὑτοῦ</em></strong></span> <span class='ocrx_word' id='word_1_80' title='bbox 551 1648 686 1726; x_wconf 77' lang='grc' dir='ltr'><strong><em>χωρίου,</em></strong></span> <span class='ocrx_word' id='word_1_81' title='bbox 694 1648 755 1708; x_wconf 80' lang='grc' dir='ltr'><strong><em>τοῦ</em></strong></span> <span class='ocrx_word' id='word_1_82' title='bbox 766 1641 933 1730; x_wconf 73' lang='grc' dir='ltr'><strong><em>πατρῴου,</em></strong></span> <span class='ocrx_word' id='word_1_83' title='bbox 944 1640 1048 1728; x_wconf 77' lang='grc' dir='ltr'><strong><em>μηδὲν</em></strong></span> <span class='ocrx_word' id='word_1_84' title='bbox 1057 1640 1187 1708; x_wconf 79' lang='grc' dir='ltr'><strong><em>τούτων</em></strong></span> <span class='ocrx_word' id='word_1_85' title='bbox 1198 1656 1315 1709; x_wconf 83' lang='grc' dir='ltr'><strong><em>ποιεῖν.</em></strong></span> 
     </span>
     <span class='ocr_line' id='line_1_13' title="bbox 366 1737 1317 1826; baseline 0 -18"><span class='ocrx_word' id='word_1_86' title='bbox 366 1740 453 1808; x_wconf 82' lang='grc' dir='ltr'><strong><em>πολύ</em></strong></span> <span class='ocrx_word' id='word_1_87' title='bbox 464 1766 502 1824; x_wconf 87' lang='grc' dir='ltr'><strong><em>γε</em></strong></span> <span class='ocrx_word' id='word_1_88' title='bbox 513 1737 627 1818; x_wconf 79' lang='grc' dir='ltr'><strong><em>αὐτοῖς</em></strong></span> <span class='ocrx_word' id='word_1_89' title='bbox 643 1742 732 1824; x_wconf 91' lang='grc' dir='ltr'><strong><em>μέλει</em></strong></span> <span class='ocrx_word' id='word_1_90' title='bbox 743 1739 764 1824; x_wconf 85' lang='grc' dir='ltr'><strong><em>ή</em></strong></span> <span class='ocrx_word' id='word_1_91' title='bbox 775 1754 843 1818; x_wconf 82' lang='grc' dir='ltr'><strong><em>τοῖς</em></strong></span> <span class='ocrx_word' id='word_1_92' title='bbox 854 1739 968 1824; x_wconf 81' lang='grc' dir='ltr'><strong><em>νόμοις</em></strong></span> <span class='ocrx_word' id='word_1_93' title='bbox 985 1755 1052 1818; x_wconf 82' lang='grc' dir='ltr'><strong><em>τοῖς</em></strong></span> <span class='ocrx_word' id='word_1_94' title='bbox 1062 1738 1231 1826; x_wconf 78' lang='grc' dir='ltr'><strong><em>ὑμετέροις</em></strong></span> <span class='ocrx_word' id='word_1_95' title='bbox 1243 1745 1317 1808; x_wconf 89' lang='grc' dir='ltr'><strong><em>πεί-</em></strong></span> 
     </span>
     <span class='ocr_line' id='line_1_14' title="bbox 367 1833 1313 1924; baseline -0.001 -18"><span class='ocrx_word' id='word_1_96' title='bbox 367 1833 535 1924; x_wconf 82' lang='grc' dir='ltr'><strong><em>θεσθαι,ή</em></strong></span> <span class='ocrx_word' id='word_1_97' title='bbox 548 1835 637 1914; x_wconf 83' lang='grc' dir='ltr'><strong><em>ὅπως</em></strong></span> <span class='ocrx_word' id='word_1_98' title='bbox 653 1835 696 1922; x_wconf 83' lang='grc' dir='ltr'><strong><em>μή</em></strong></span> <span class='ocrx_word' id='word_1_99' title='bbox 716 1838 1000 1924; x_wconf 72' lang='grc' dir='ltr'><strong><em>ἐξερημωθήσεται</em></strong></span> <span class='ocrx_word' id='word_1_100' title='bbox 1015 1837 1134 1918; x_wconf 86' lang='grc' dir='ltr'><strong><em>ὁοίιιος</em></strong></span> <span class='ocrx_word' id='word_1_101' title='bbox 1146 1837 1313 1924; x_wconf 80' lang='grc' dir='ltr'><strong><em>ὁἉγνιόυ.</em></strong></span> 
     </span>
    </p>

    <p class='ocr_par' dir='ltr' id='par_1_4' title="bbox 325 1931 1318 2718">
     <span class='ocr_line' id='line_1_15' title="bbox 325 1931 1316 2024; baseline -0.002 -18"><span class='ocrx_word' id='word_1_102' title='bbox 325 1937 432 2024; x_wconf 75' lang='grc' dir='ltr'><strong><em>73ἐγω</em></strong></span> <span class='ocrx_word' id='word_1_103' title='bbox 448 1935 498 2021; x_wconf 84' lang='grc' dir='ltr'><strong><em>δ’,</em></strong></span> <span class='ocrx_word' id='word_1_104' title='bbox 522 1931 548 2004; x_wconf 80' lang='grc' dir='ltr'><strong><em>τά</em></strong></span> <span class='ocrx_word' id='word_1_105' title='bbox 566 1936 685 2021; x_wconf 81' lang='grc' dir='ltr'><strong><em>ἄνδρες</em></strong></span> <span class='ocrx_word' id='word_1_106' title='bbox 702 1939 868 2021; x_wconf 83' lang='grc' dir='ltr'><strong><em>δικασταί,</em></strong></span> <span class='ocrx_word' id='word_1_107' title='bbox 893 1936 1056 2024; x_wconf 84' lang='grc' dir='ltr'><strong><em>βούλομαι</em></strong></span> <span class='ocrx_word' id='word_1_108' title='bbox 1079 1941 1153 2024; x_wconf 80' lang='grc' dir='ltr'><strong><em>περὶ</em></strong></span> <span class='ocrx_word' id='word_1_109' title='bbox 1171 1941 1316 2024; x_wconf 78' lang='grc' dir='ltr'><strong><em>ἐμαυτοῦ</em></strong></span> 
     </span>
     <span class='ocr_line' id='line_1_16' title="bbox 367 2033 1316 2129; baseline -0.003 -23"><span class='ocrx_word' id='word_1_110' title='bbox 367 2035 451 2120; x_wconf 81' lang='grc' dir='ltr'><strong><em>πρὸς</em></strong></span> <span class='ocrx_word' id='word_1_111' title='bbox 467 2033 554 2122; x_wconf 78' lang='grc' dir='ltr'><strong><em>ὑμᾶς</em></strong></span> <span class='ocrx_word' id='word_1_112' title='bbox 572 2042 675 2108; x_wconf 76' lang='grc' dir='ltr'><strong><em>εἰπεῖν</em></strong></span> <span class='ocrx_word' id='word_1_113' title='bbox 692 2033 746 2103; x_wconf 83' lang='grc' dir='ltr'><strong><em>διά</em></strong></span> <span class='ocrx_word' id='word_1_114' title='bbox 766 2041 933 2129; x_wconf 84' lang='grc' dir='ltr'><strong><em>βραχέων,</em></strong></span> <span class='ocrx_word' id='word_1_115' title='bbox 955 2039 1010 2104; x_wconf 80' lang='grc' dir='ltr'><strong><em>καί</em></strong></span> <span class='ocrx_word' id='word_1_116' title='bbox 1027 2041 1182 2118; x_wconf 81' lang='grc' dir='ltr'><strong><em>ἐπιδεῖξαι</em></strong></span> <span class='ocrx_word' id='word_1_117' title='bbox 1193 2038 1244 2105; x_wconf 82' lang='grc' dir='ltr'><strong><em>ὅτι</em></strong></span> <span class='ocrx_word' id='word_1_118' title='bbox 1254 2034 1316 2122; x_wconf 80' lang='grc' dir='ltr'><strong><em>οὐχ</em></strong></span> 
     </span>
     <span class='ocr_line' id='line_1_17' title="bbox 367 2134 1316 2222; baseline -0.002 -19"><span class='ocrx_word' id='word_1_119' title='bbox 367 2135 488 2222; x_wconf 83' lang='grc' dir='ltr'><strong><em>ὁμοίως</em></strong></span> <span class='ocrx_word' id='word_1_120' title='bbox 498 2134 630 2213; x_wconf 82' lang='grc' dir='ltr'><strong><em>τούτοις</em></strong></span> <span class='ocrx_word' id='word_1_121' title='bbox 645 2137 831 2221; x_wconf 85' lang='grc' dir='ltr'><strong><em>ἐπιμέλειαν</em></strong></span> <span class='ocrx_word' id='word_1_122' title='bbox 849 2135 1052 2222; x_wconf 80' lang='grc' dir='ltr'><strong><em>ἐποιησάμην</em></strong></span> <span class='ocrx_word' id='word_1_123' title='bbox 1067 2144 1130 2203; x_wconf 83' lang='grc' dir='ltr'><strong><em>τοῦ</em></strong></span> <span class='ocrx_word' id='word_1_124' title='bbox 1146 2146 1242 2202; x_wconf 83' lang='grc' dir='ltr'><strong><em>οίιιου</em></strong></span> <span class='ocrx_word' id='word_1_125' title='bbox 1254 2145 1316 2202; x_wconf 85' lang='grc' dir='ltr'><strong><em>τοῦ</em></strong></span> 
     </span>
     <span class='ocr_line' id='line_1_18' title="bbox 363 2231 1317 2322; baseline -0.001 -20"><span class='ocrx_word' id='word_1_126' title='bbox 363 2233 505 2320; x_wconf 72' lang='grc' dir='ltr'><strong><em>Ἁγνίου,</em></strong></span> <span class='ocrx_word' id='word_1_127' title='bbox 519 2232 609 2312; x_wconf 81' lang='grc' dir='ltr'><strong><em>ὅπως</em></strong></span> <span class='ocrx_word' id='word_1_128' title='bbox 621 2231 664 2321; x_wconf 87' lang='grc' dir='ltr'><strong><em>μή</em></strong></span> <span class='ocrx_word' id='word_1_129' title='bbox 681 2235 975 2322; x_wconf 77' lang='grc' dir='ltr'><strong><em>ἐξερημωθήσεται.</em></strong></span> <span class='ocrx_word' id='word_1_130' title='bbox 1009 2239 1063 2303; x_wconf 75' lang='grc' dir='ltr'><strong><em>καί</em></strong></span> <span class='ocrx_word' id='word_1_131' title='bbox 1075 2233 1175 2313; x_wconf 79' lang='grc' dir='ltr'><strong><em>αὐτὸς</em></strong></span> <span class='ocrx_word' id='word_1_132' title='bbox 1190 2234 1255 2320; x_wconf 89' lang='grc' dir='ltr'><strong><em>γάρ</em></strong></span> <span class='ocrx_word' id='word_1_133' title='bbox 1268 2240 1317 2302; x_wconf 88' lang='grc' dir='ltr'><strong><em>εί-·</em></strong></span> 
     </span>
     <span class='ocr_line' id='line_1_19' title="bbox 367 2331 1317 2501; baseline -0.002 -100"><span class='ocrx_word' id='word_1_134' title='bbox 367 2362 403 2420; x_wconf 88' lang='grc' dir='ltr'><strong><em>μι</em></strong></span> <span class='ocrx_word' id='word_1_135' title='bbox 414 2341 476 2400; x_wconf 83' lang='grc' dir='ltr'><strong><em>που</em></strong></span> <span class='ocrx_word' id='word_1_136' title='bbox 486 2336 634 2501; x_wconf 75' lang='grc' dir='ltr'><strong><em>γένους</em></strong></span> <span class='ocrx_word' id='word_1_137' title='bbox 614 2341 675 2400; x_wconf 84' lang='grc' dir='ltr'><strong><em>τοῦ</em></strong></span> <span class='ocrx_word' id='word_1_138' title='bbox 686 2335 866 2402; x_wconf 88' lang='grc' dir='ltr'><strong><em>Βουσέλου.</em></strong></span> <span class='ocrx_word' id='word_1_139' title='bbox 890 2334 1058 2421; x_wconf 68' lang='grc' dir='ltr'><strong><em>’Ἅβρωνος</em></strong></span> <span class='ocrx_word' id='word_1_140' title='bbox 1074 2331 1138 2421; x_wconf 84' lang='grc' dir='ltr'><strong><em>γάρ</em></strong></span> <span class='ocrx_word' id='word_1_141' title='bbox 1155 2340 1216 2402; x_wconf 83' lang='grc' dir='ltr'><strong><em>τοῦ</em></strong></span> <span class='ocrx_word' id='word_1_142' title='bbox 1226 2342 1317 2402; x_wconf 91' lang='grc' dir='ltr'><strong><em>Βου-</em></strong></span> 
     </span>
     <span class='ocr_line' id='line_1_20' title="bbox 367 2430 1318 2559; baseline -0.003 -58"><span class='ocrx_word' id='word_1_143' title='bbox 367 2436 514 2501; x_wconf 87' lang='grc' dir='ltr'><strong><em>σέλουί</em></strong></span> <span class='ocrx_word' id='word_1_144' title='bbox 478 2459 500 2499; x_wconf 99' lang='grc' dir='ltr'><strong><em>υ</em></strong></span> <span class='ocrx_word' id='word_1_145' title='bbox 514 2436 566 2512; x_wconf 87' lang='grc' dir='ltr'><strong><em>έος</em></strong></span> <span class='ocrx_word' id='word_1_146' title='bbox 578 2433 722 2520; x_wconf 85' lang='grc' dir='ltr'><strong><em>έλαβε</em></strong></span> <span class='ocrx_word' id='word_1_147' title='bbox 685 2460 747 2520; x_wconf 89' lang='grc' dir='ltr'><strong><em>την</em></strong></span> <span class='ocrx_word' id='word_1_148' title='bbox 758 2439 967 2520; x_wconf 77' lang='grc' dir='ltr'><strong><em>θυγατριδῆν</em></strong></span> <span class='ocrx_word' id='word_1_149' title='bbox 977 2441 1232 2559; x_wconf 52' lang='grc' dir='ltr'><strong><em>Καλλίστρατρςῖ</em></strong></span> <span class='ocrx_word' id='word_1_150' title='bbox 1245 2430 1318 2500; x_wconf 85' lang='grc' dir='ltr'><strong><em>Ευ-</em></strong></span> 
     </span>
     <span class='ocr_line' id='line_1_21' title="bbox 366 2529 1318 2619; baseline 0 -21"><span class='ocrx_word' id='word_1_151' title='bbox 366 2533 571 2618; x_wconf 88' lang='grc' dir='ltr'><strong><em>βουλίδου</em></strong></span> <span class='ocrx_word' id='word_1_152' title='bbox 537 2559 598 2618; x_wconf 83' lang='grc' dir='ltr'><strong><em>μεν</em></strong></span> <span class='ocrx_word' id='word_1_153' title='bbox 609 2529 719 2612; x_wconf 60' lang='grc' dir='ltr'><strong><em>υίός,’1</em></strong></span> <span class='ocrx_word' id='word_1_154' title='bbox 693 2560 750 2619; x_wconf 83' lang='grc' dir='ltr'><strong><em>ων,</em></strong></span> <span class='ocrx_word' id='word_1_155' title='bbox 762 2537 933 2602; x_wconf 88' lang='grc' dir='ltr'><strong><em>Βουσελου</em></strong></span> <span class='ocrx_word' id='word_1_156' title='bbox 945 2529 1006 2600; x_wconf 90' lang='grc' dir='ltr'><strong><em>δ</em></strong></span> <span class='ocrx_word' id='word_1_157' title='bbox 989 2550 1023 2600; x_wconf 80' lang='grc' dir='ltr'><strong><em>υι</em></strong></span> <span class='ocrx_word' id='word_1_158' title='bbox 1012 2537 1117 2609; x_wconf 80' lang='grc' dir='ltr'><strong><em>ϊδους·</em></strong></span> <span class='ocrx_word' id='word_1_159' title='bbox 1146 2534 1201 2599; x_wconf 83' lang='grc' dir='ltr'><strong><em>καὶ</em></strong></span> <span class='ocrx_word' id='word_1_160' title='bbox 1212 2534 1248 2598; x_wconf 82' lang='grc' dir='ltr'><strong><em>ἐκ</em></strong></span> <span class='ocrx_word' id='word_1_161' title='bbox 1259 2538 1318 2616; x_wconf 76' lang='grc' dir='ltr'><strong><em>τῆς</em></strong></span> 
     </span>
     <span class='ocr_line' id='line_1_22' title="bbox 359 2628 1318 2718; baseline 0 -22"><span class='ocrx_word' id='word_1_162' title='bbox 359 2628 528 2718; x_wconf 71' lang='grc' dir='ltr'><strong><em>’Ἅβρωνος</em></strong></span> <span class='ocrx_word' id='word_1_163' title='bbox 544 2637 748 2718; x_wconf 74' lang='grc' dir='ltr'><strong><em>θυγατριδῆς</em></strong></span> <span class='ocrx_word' id='word_1_164' title='bbox 764 2635 818 2700; x_wconf 83' lang='grc' dir='ltr'><strong><em>καί</em></strong></span> <span class='ocrx_word' id='word_1_165' title='bbox 834 2631 1085 2717; x_wconf 82' lang='grc' dir='ltr'><strong><em>Καλλιστράτου</em></strong></span> <span class='ocrx_word' id='word_1_166' title='bbox 1101 2657 1162 2698; x_wconf 92' lang='grc' dir='ltr'><strong><em>του</em></strong></span> <span class='ocrx_word' id='word_1_167' title='bbox 1148 2628 1318 2715; x_wconf 86' lang='grc' dir='ltr'><strong><em>άδελφι-</em></strong></span> 
     </span>
    </p>

    <p class='ocr_par' dir='ltr' id='par_1_5' title="bbox 323 2726 1385 3811">
     <span class='ocr_line' id='line_1_23' title="bbox 323 2726 1314 2856; baseline -0.002 -58"><span class='ocrx_word' id='word_1_168' title='bbox 323 2741 354 2798; x_wconf 79' lang='lat'><strong><em>74</em></strong></span> <span class='ocrx_word' id='word_1_169' title='bbox 368 2733 430 2796; x_wconf 81' lang='grc' dir='ltr'><strong><em>δοῦ</em></strong></span> <span class='ocrx_word' id='word_1_170' title='bbox 440 2737 501 2797; x_wconf 84' lang='grc' dir='ltr'><strong><em>τοῦ</em></strong></span> <span class='ocrx_word' id='word_1_171' title='bbox 512 2730 681 2823; x_wconf 70' lang='grc' dir='ltr'><strong><em>’Ἅβρωνος</em></strong></span> <span class='ocrx_word' id='word_1_172' title='bbox 692 2727 856 2815; x_wconf 85' lang='grc' dir='ltr'><strong><em>ἐγένετο</em></strong></span> <span class='ocrx_word' id='word_1_173' title='bbox 838 2757 859 2817; x_wconf 96' lang='grc' dir='ltr'><strong><em>η</em></strong></span> <span class='ocrx_word' id='word_1_174' title='bbox 875 2729 982 2816; x_wconf 81' lang='grc' dir='ltr'><strong><em>μήτηρ</em></strong></span> <span class='ocrx_word' id='word_1_175' title='bbox 993 2727 1014 2815; x_wconf 81' lang='grc' dir='ltr'><em>ἡ</em></span> <span class='ocrx_word' id='word_1_176' title='bbox 1027 2727 1176 2856; x_wconf 81' lang='grc' dir='ltr'><strong><em>ἡμετέρα.</em></strong></span> <span class='ocrx_word' id='word_1_177' title='bbox 1207 2726 1314 2813; x_wconf 86' lang='grc' dir='ltr'><strong><em>ε’γωδ’</em></strong></span> 
     </span>
     <span class='ocr_line' id='line_1_24' title="bbox 366 2825 1317 2915; baseline -0.001 -21"><span class='ocrx_word' id='word_1_178' title='bbox 366 2829 477 2915; x_wconf 86' lang='grc' dir='ltr'><strong><em>ἐπειδή</em></strong></span> <span class='ocrx_word' id='word_1_179' title='bbox 491 2828 734 2914; x_wconf 88' lang='grc' dir='ltr'><strong><em>ἐπεδικασάμην</em></strong></span> <span class='ocrx_word' id='word_1_180' title='bbox 746 2836 804 2914; x_wconf 82' lang='grc' dir='ltr'><strong><em>τῆς</em></strong></span> <span class='ocrx_word' id='word_1_181' title='bbox 814 2828 935 2895; x_wconf 81' lang='grc' dir='ltr'><strong><em>τούτου</em></strong></span> <span class='ocrx_word' id='word_1_182' title='bbox 952 2829 1075 2914; x_wconf 85' lang='grc' dir='ltr'><strong><em>μητρὸς</em></strong></span> <span class='ocrx_word' id='word_1_183' title='bbox 1091 2855 1145 2894; x_wconf 84' lang='grc' dir='ltr'><strong><em>και</em></strong></span> <span class='ocrx_word' id='word_1_184' title='bbox 1135 2825 1317 2912; x_wconf 81' lang='grc' dir='ltr'><strong><em>ἐγένοντό</em></strong></span> 
     </span>
     <span class='ocr_line' id='line_1_25' title="bbox 365 2923 1315 3013; baseline -0.005 -19"><span class='ocrx_word' id='word_1_185' title='bbox 365 2954 421 3012; x_wconf 88' lang='grc' dir='ltr'><strong><em>μοι</em></strong></span> <span class='ocrx_word' id='word_1_186' title='bbox 433 2931 515 3005; x_wconf 78' lang='grc' dir='ltr'><strong><em>υἱεῖς</em></strong></span> <span class='ocrx_word' id='word_1_187' title='bbox 526 2926 588 3012; x_wconf 69' lang='grc' dir='ltr'><strong><em>μέν</em></strong></span> <span class='ocrx_word' id='word_1_188' title='bbox 597 2932 762 3012; x_wconf 83' lang='grc' dir='ltr'><strong><em>τέτταρες,</em></strong></span> <span class='ocrx_word' id='word_1_189' title='bbox 785 2927 939 3013; x_wconf 80' lang='grc' dir='ltr'><strong><em>θυγάτηρ</em></strong></span> <span class='ocrx_word' id='word_1_190' title='bbox 957 2926 992 2993; x_wconf 77' lang='grc' dir='ltr'><strong><em>δὲ</em></strong></span> <span class='ocrx_word' id='word_1_191' title='bbox 1010 2934 1085 3012; x_wconf 86' lang='grc' dir='ltr'><strong><em>μία,</em></strong></span> <span class='ocrx_word' id='word_1_192' title='bbox 1107 2924 1147 2992; x_wconf 84' lang='grc' dir='ltr'><strong><em>τά</em></strong></span> <span class='ocrx_word' id='word_1_193' title='bbox 1166 2923 1315 3009; x_wconf 86' lang='grc' dir='ltr'><strong><em>ὀνόματα</em></strong></span> 
     </span>
     <span class='ocr_line' id='line_1_26' title="bbox 365 3019 1315 3113; baseline -0.005 -20"><span class='ocrx_word' id='word_1_194' title='bbox 365 3029 490 3113; x_wconf 88' lang='grc' dir='ltr'><strong><em>ἐθέμην</em></strong></span> <span class='ocrx_word' id='word_1_195' title='bbox 500 3026 646 3110; x_wconf 77' lang='grc' dir='ltr'><strong><em>τούτοις,</em></strong></span> <span class='ocrx_word' id='word_1_196' title='bbox 673 3019 831 3112; x_wconf 65' lang='grc' dir='ltr'><strong><em>οἶάνδρες</em></strong></span> <span class='ocrx_word' id='word_1_197' title='bbox 844 3028 1009 3110; x_wconf 83' lang='grc' dir='ltr'><strong><em>δικασταὶ,</em></strong></span> <span class='ocrx_word' id='word_1_198' title='bbox 1027 3030 1072 3113; x_wconf 81' lang='grc' dir='ltr'><strong><em>τῷ</em></strong></span> <span class='ocrx_word' id='word_1_199' title='bbox 1089 3023 1151 3109; x_wconf 75' lang='grc' dir='ltr'><strong><em>μὲν</em></strong></span> <span class='ocrx_word' id='word_1_200' title='bbox 1168 3030 1315 3110; x_wconf 82' lang='grc' dir='ltr'><strong><em>πρεσβυ-</em></strong></span> 
     </span>
     <span class='ocr_line' id='line_1_27' title="bbox 364 3121 1315 3212; baseline -0.002 -22"><span class='ocrx_word' id='word_1_201' title='bbox 364 3125 450 3212; x_wconf 80' lang='grc' dir='ltr'><strong><em>τάτω</em></strong></span> <span class='ocrx_word' id='word_1_202' title='bbox 465 3123 502 3192; x_wconf 88' lang='grc' dir='ltr'>τό</span> <span class='ocrx_word' id='word_1_203' title='bbox 514 3123 708 3209; x_wconf 79' lang='grc' dir='ltr'><strong><em>τοῦπατρὸς</em></strong></span> <span class='ocrx_word' id='word_1_204' title='bbox 719 3133 781 3192; x_wconf 82' lang='grc' dir='ltr'><strong><em>τοῦ</em></strong></span> <span class='ocrx_word' id='word_1_205' title='bbox 793 3127 937 3211; x_wconf 79' lang='grc' dir='ltr'><strong><em>ἐμαυτοῦ</em></strong></span> <span class='ocrx_word' id='word_1_206' title='bbox 948 3124 1071 3208; x_wconf 82' lang='grc' dir='ltr'><strong><em>ὄνομα,</em></strong></span> <span class='ocrx_word' id='word_1_207' title='bbox 1084 3128 1236 3206; x_wconf 86' lang='grc' dir='ltr'><strong><em>Σωσίαν,</em></strong></span> <span class='ocrx_word' id='word_1_208' title='bbox 1250 3121 1315 3190; x_wconf 69' lang='grc' dir='ltr'><strong><em>οἵσ-</em></strong></span> 
     </span>
     <span class='ocr_line' id='line_1_28' title="bbox 364 3216 1314 3311; baseline 0.001 -25"><span class='ocrx_word' id='word_1_209' title='bbox 364 3244 427 3303; x_wconf 84' lang='grc' dir='ltr'><strong><em>περ</em></strong></span> <span class='ocrx_word' id='word_1_210' title='bbox 448 3225 502 3290; x_wconf 81' lang='grc' dir='ltr'><strong><em>καί</em></strong></span> <span class='ocrx_word' id='word_1_211' title='bbox 525 3216 654 3290; x_wconf 77' lang='grc' dir='ltr'><strong><em>δίκαιόν</em></strong></span> <span class='ocrx_word' id='word_1_212' title='bbox 675 3226 758 3308; x_wconf 82' lang='grc' dir='ltr'><strong><em>ἐστι,</em></strong></span> <span class='ocrx_word' id='word_1_213' title='bbox 781 3226 836 3290; x_wconf 82' lang='grc' dir='ltr'><strong><em>καὶ</em></strong></span> <span class='ocrx_word' id='word_1_214' title='bbox 857 3222 1011 3290; x_wconf 84' lang='grc' dir='ltr'><strong><em>άπέδωιια</em></strong></span> <span class='ocrx_word' id='word_1_215' title='bbox 1031 3227 1078 3310; x_wconf 74' lang='grc' dir='ltr'><strong><em>τῷ</em></strong></span> <span class='ocrx_word' id='word_1_216' title='bbox 1098 3221 1314 3311; x_wconf 77' lang='grc' dir='ltr'><strong><em>πρεσβυτάτω</em></strong></span> 
     </span>
     <span class='ocr_line' id='line_1_29' title="bbox 363 3318 1385 3409; baseline 0.008 -24"><span class='ocrx_word' id='word_1_217' title='bbox 363 3325 463 3385; x_wconf 82' lang='grc' dir='ltr'><strong><em>τοῦτο</em></strong></span> <span class='ocrx_word' id='word_1_218' title='bbox 483 3319 519 3386; x_wconf 87' lang='grc' dir='ltr'><strong><em>τὸ</em></strong></span> <span class='ocrx_word' id='word_1_219' title='bbox 538 3320 657 3406; x_wconf 77' lang='grc' dir='ltr'><strong><em>ὄνομα·</em></strong></span> <span class='ocrx_word' id='word_1_220' title='bbox 695 3329 742 3409; x_wconf 76' lang='grc' dir='ltr'><strong><em>τῷ</em></strong></span> <span class='ocrx_word' id='word_1_221' title='bbox 763 3322 799 3390; x_wconf 79' lang='grc' dir='ltr'><strong><em>δὲ</em></strong></span> <span class='ocrx_word' id='word_1_222' title='bbox 819 3319 883 3408; x_wconf 85' lang='grc' dir='ltr'><strong><em>μετ’</em></strong></span> <span class='ocrx_word' id='word_1_223' title='bbox 897 3318 1003 3387; x_wconf 82' lang='grc' dir='ltr'><strong><em>αὐτὸν</em></strong></span> <span class='ocrx_word' id='word_1_224' title='bbox 1018 3323 1187 3408; x_wconf 77' lang='grc' dir='ltr'><strong><em>γενομένω</em></strong></span> <span class='ocrx_word' id='word_1_225' title='bbox 1204 3321 1313 3408; x_wconf 78' lang='grc' dir='ltr'><strong><em>τούτῳ</em></strong></span> <span class='ocrx_word' id='word_1_226' title='bbox 1324 3337 1385 3392; x_wconf 78' lang='grc'><strong>1076</strong></span> 
     </span>
     <span class='ocr_line' id='line_1_30' title="bbox 363 3414 1314 3508; baseline 0.003 -25"><span class='ocrx_word' id='word_1_227' title='bbox 363 3418 488 3503; x_wconf 79' lang='grc' dir='ltr'><strong><em>ἐθέμην</em></strong></span> <span class='ocrx_word' id='word_1_228' title='bbox 498 3417 724 3507; x_wconf 81' lang='grc' dir='ltr'><strong><em>Εὐβουλίδην,</em></strong></span> <span class='ocrx_word' id='word_1_229' title='bbox 747 3419 830 3504; x_wconf 87' lang='grc' dir='ltr'><strong><em>ὅπερ</em></strong></span> <span class='ocrx_word' id='word_1_230' title='bbox 847 3414 892 3508; x_wconf 89' lang='grc' dir='ltr'><strong><em>ήν</em></strong></span> <span class='ocrx_word' id='word_1_231' title='bbox 908 3418 1016 3504; x_wconf 82' lang='grc' dir='ltr'><strong><em>ὄνομα</em></strong></span> <span class='ocrx_word' id='word_1_232' title='bbox 1033 3424 1080 3508; x_wconf 78' lang='grc' dir='ltr'><strong><em>τῷ</em></strong></span> <span class='ocrx_word' id='word_1_233' title='bbox 1092 3419 1190 3502; x_wconf 82' lang='grc' dir='ltr'><strong><em>πατρὶ</em></strong></span> <span class='ocrx_word' id='word_1_234' title='bbox 1200 3425 1247 3507; x_wconf 76' lang='grc' dir='ltr'><strong><em>τῷ</em></strong></span> <span class='ocrx_word' id='word_1_235' title='bbox 1257 3427 1314 3503; x_wconf 78' lang='grc' dir='ltr'><strong><em>τῆς</em></strong></span> 
     </span>
     <span class='ocr_line' id='line_1_31' title="bbox 364 3515 1315 3606; baseline -0.001 -23"><span class='ocrx_word' id='word_1_236' title='bbox 364 3515 487 3601; x_wconf 82' lang='grc' dir='ltr'><strong><em>μητρὸς</em></strong></span> <span class='ocrx_word' id='word_1_237' title='bbox 498 3527 559 3585; x_wconf 83' lang='grc' dir='ltr'><strong><em>τοῦ</em></strong></span> <span class='ocrx_word' id='word_1_238' title='bbox 569 3517 684 3598; x_wconf 80' lang='grc' dir='ltr'><strong><em>παιδὸς</em></strong></span> <span class='ocrx_word' id='word_1_239' title='bbox 697 3526 847 3588; x_wconf 90' lang='grc' dir='ltr'><strong><em>τουτουί·</em></strong></span> <span class='ocrx_word' id='word_1_240' title='bbox 870 3527 918 3606; x_wconf 74' lang='grc' dir='ltr'><strong><em>τῷ</em></strong></span> <span class='ocrx_word' id='word_1_241' title='bbox 929 3518 964 3585; x_wconf 73' lang='grc' dir='ltr'><strong><em>δὲ</em></strong></span> <span class='ocrx_word' id='word_1_242' title='bbox 976 3515 1056 3602; x_wconf 86' lang='grc' dir='ltr'><strong><em>μετά</em></strong></span> <span class='ocrx_word' id='word_1_243' title='bbox 1067 3522 1190 3584; x_wconf 84' lang='grc' dir='ltr'><strong><em>τοῦτον</em></strong></span> <span class='ocrx_word' id='word_1_244' title='bbox 1204 3522 1315 3583; x_wconf 89' lang='grc' dir='ltr'><strong><em>Μενε-</em></strong></span> 
     </span>
     <span class='ocr_line' id='line_1_32' title="bbox 363 3608 1315 3706; baseline 0.003 -26"><span class='ocrx_word' id='word_1_245' title='bbox 363 3619 449 3681; x_wconf 89' lang='grc' dir='ltr'><strong><em>σθέα</em></strong></span> <span class='ocrx_word' id='word_1_246' title='bbox 470 3618 609 3702; x_wconf 83' lang='grc' dir='ltr'><strong><em>ἐθέμην·</em></strong></span> <span class='ocrx_word' id='word_1_247' title='bbox 643 3621 698 3687; x_wconf 81' lang='grc' dir='ltr'><strong><em>καὶ</em></strong></span> <span class='ocrx_word' id='word_1_248' title='bbox 717 3618 781 3706; x_wconf 84' lang='grc' dir='ltr'><strong><em>γάρ</em></strong></span> <span class='ocrx_word' id='word_1_249' title='bbox 800 3620 818 3686; x_wconf 87' lang='grc' dir='ltr'>ὁ</span> <span class='ocrx_word' id='word_1_250' title='bbox 836 3616 1038 3696; x_wconf 72' lang='grc' dir='ltr'><strong><em>Μενεσθεύς</em></strong></span> <span class='ocrx_word' id='word_1_251' title='bbox 1055 3624 1173 3695; x_wconf 82' lang='grc' dir='ltr'><strong><em>οίιιεῖος</em></strong></span> <span class='ocrx_word' id='word_1_252' title='bbox 1196 3608 1240 3701; x_wconf 83' lang='grc' dir='ltr'><strong><em>ήν</em></strong></span> <span class='ocrx_word' id='word_1_253' title='bbox 1256 3621 1315 3701; x_wconf 80' lang='grc' dir='ltr'><strong><em>τής</em></strong></span> 
     </span>
     <span class='ocr_line' id='line_1_33' title="bbox 364 3715 1313 3811; baseline 0.003 -32"><span class='ocrx_word' id='word_1_254' title='bbox 364 3715 443 3799; x_wconf 87' lang='grc' dir='ltr'><strong><em>ἐμῆς</em></strong></span> <span class='ocrx_word' id='word_1_255' title='bbox 453 3715 627 3799; x_wconf 86' lang='grc' dir='ltr'><strong><em>γυναικός·</em></strong></span> <span class='ocrx_word' id='word_1_256' title='bbox 648 3725 695 3806; x_wconf 78' lang='grc' dir='ltr'><strong><em>τῷ</em></strong></span> <span class='ocrx_word' id='word_1_257' title='bbox 713 3719 750 3811; x_wconf 70' lang='grc' dir='ltr'><strong><em>δέ</em></strong></span> <span class='ocrx_word' id='word_1_258' title='bbox 766 3717 918 3807; x_wconf 77' lang='grc' dir='ltr'><strong><em>νεωτάτῳ</em></strong></span> <span class='ocrx_word' id='word_1_259' title='bbox 936 3720 1062 3804; x_wconf 89' lang='grc' dir='ltr'><strong><em>ἐθέμην</em></strong></span> <span class='ocrx_word' id='word_1_260' title='bbox 1071 3717 1178 3803; x_wconf 79' lang='grc' dir='ltr'><strong><em>ὄνομα</em></strong></span> <span class='ocrx_word' id='word_1_261' title='bbox 1188 3721 1313 3783; x_wconf 67' lang='lat' dir='ltr'><strong><em>Kam-</em></strong></span> 
     </span>
    </p>
   </div>
   <div class='ocr_carea' id='block_1_3' title="bbox 0 0 1584 4409">
    <p class='ocr_par' dir='ltr' id='par_1_6' title="bbox 0 0 1584 4409">
     <span class='ocr_line' id='line_1_34' title="bbox 0 0 1584 4409; baseline 0 0"><span class='ocrx_word' id='word_1_262' title='bbox 0 0 1584 4409; x_wconf 95' lang='lat' dir='ltr'><strong><em> </em></strong></span> 
     </span>
    </p>
   </div>
  </div>
 </body>
</html>
