<?xml version="1.0" encoding="UTF-8"?>
<!DOCTYPE html PUBLIC "-//W3C//DTD XHTML 1.0 Transitional//EN"
    "http://www.w3.org/TR/xhtml1/DTD/xhtml1-transitional.dtd">
<html xmlns="http://www.w3.org/1999/xhtml" xml:lang="en" lang="en">
 <head>
  <title>
</title>
<meta http-equiv="Content-Type" content="text/html;charset=utf-8" />
  <meta name='ocr-system' content='tesseract 3.04.00' />
  <meta name='ocr-capabilities' content='ocr_page ocr_carea ocr_par ocr_line ocrx_word'/>
</head>
<body>
  <div class='ocr_page' id='page_1' title='image "./orationesexrece02demogoog_0410.png"; bbox 0 0 3159 4409; ppageno 0'>
   <div class='ocr_carea' id='block_1_1' title="bbox 295 491 1128 569">
    <p class='ocr_par' dir='ltr' id='par_1_1' title="bbox 295 491 1128 569">
     <span class='ocr_line' id='line_1_1' title="bbox 295 491 1128 569; baseline -0.007 -9"><span class='ocrx_word' id='word_1_1' title='bbox 295 495 357 560; x_wconf 75' lang='lat'><strong><em>406</em></strong></span> <span class='ocrx_word' id='word_1_2' title='bbox 398 492 775 569; x_wconf 72' lang='grc' dir='ltr'><strong><em>[ΔΗΜΟΣΘΕΝΟῬΣἸ</em></strong></span> <span class='ocrx_word' id='word_1_3' title='bbox 827 491 1068 553; x_wconf 84' lang='grc' dir='ltr'><em>ΕΠΙΣΤΟΑΗ</em></span> <span class='ocrx_word' id='word_1_4' title='bbox 1082 492 1128 568; x_wconf 71' lang='lat' dir='ltr'><strong><em>w.</em></strong></span> 
     </span>
    </p>
   </div>
   <div class='ocr_carea' id='block_1_2' title="bbox 753 760 779 809">
    <p class='ocr_par' dir='ltr' id='par_1_2' title="bbox 753 760 779 809">
     <span class='ocr_line' id='line_1_2' title="bbox 753 760 779 809; baseline 0 -11"><span class='ocrx_word' id='word_1_5' title='bbox 753 760 779 809; x_wconf 87' lang='grc' dir='ltr'><strong><em>ς.</em></strong></span> 
     </span>
    </p>
   </div>
   <div class='ocr_carea' id='block_1_3' title="bbox 297 880 1247 1072">
    <p class='ocr_par' dir='ltr' id='par_1_3' title="bbox 297 880 1247 1072">
     <span class='ocr_line' id='line_1_3' title="bbox 297 880 1247 959; baseline -0.005 0"><span class='ocrx_word' id='word_1_6' title='bbox 297 891 431 959; x_wconf 83' lang='grc' dir='ltr'>ΠΡΟΣ</span> <span class='ocrx_word' id='word_1_7' title='bbox 464 887 569 956; x_wconf 75' lang='grc' dir='ltr'><strong><em>ΤΗΝ</em></strong></span> <span class='ocrx_word' id='word_1_8' title='bbox 598 880 802 956; x_wconf 73' lang='grc' dir='ltr'><em>ΒΟΥΛΗΝ</em></span> <span class='ocrx_word' id='word_1_9' title='bbox 830 887 910 952; x_wconf 84' lang='grc' dir='ltr'><strong><em>ΚΑΙ</em></strong></span> <span class='ocrx_word' id='word_1_10' title='bbox 940 885 1041 953; x_wconf 81' lang='grc' dir='ltr'><strong><em>ΊὈΝ</em></strong></span> <span class='ocrx_word' id='word_1_11' title='bbox 1062 883 1247 954; x_wconf 84' lang='grc' dir='ltr'><em>ΔΗΜΟΝ</em></span> 
     </span>
     <span class='ocr_line' id='line_1_4' title="bbox 575 1002 955 1072; baseline -0.005 -1"><span class='ocrx_word' id='word_1_12' title='bbox 575 1004 677 1072; x_wconf 84' lang='grc' dir='ltr'><strong><em>ΤΟΝ</em></strong></span> <span class='ocrx_word' id='word_1_13' title='bbox 694 1002 955 1072; x_wconf 74' lang='grc' dir='ltr'><em>ΑΘΗΝΑΙΩΝ.</em></span> 
     </span>
    </p>
   </div>
   <div class='ocr_carea' id='block_1_4' title="bbox 356 1161 1179 1298">
    <p class='ocr_par' dir='ltr' id='par_1_4' title="bbox 356 1161 1179 1298">
     <span class='ocr_line' id='line_1_5' title="bbox 356 1161 1179 1245; baseline -0.001 -33"><span class='ocrx_word' id='word_1_14' title='bbox 356 1161 632 1214; x_wconf 83' lang='grc' dir='ltr'><em>ΔΗΜΟΣΘΕΝΗΣ</em></span> <span class='ocrx_word' id='word_1_15' title='bbox 656 1164 718 1214; x_wconf 86' lang='grc' dir='ltr'><strong><em>ΤΗι</em></strong></span> <span class='ocrx_word' id='word_1_16' title='bbox 736 1162 873 1245; x_wconf 72' lang='grc' dir='ltr'><strong><em>ΒΟΤΛΗι</em></strong></span> <span class='ocrx_word' id='word_1_17' title='bbox 888 1163 954 1212; x_wconf 85' lang='grc' dir='ltr'><strong><em>ΚΑΙ</em></strong></span> <span class='ocrx_word' id='word_1_18' title='bbox 972 1161 1033 1212; x_wconf 76' lang='grc' dir='ltr'><strong><em>ΊὩι</em></strong></span> <span class='ocrx_word' id='word_1_19' title='bbox 1051 1161 1179 1212; x_wconf 70' lang='grc' dir='ltr'><strong><em>ΔΗΜΩι</em></strong></span> 
     </span>
     <span class='ocr_line' id='line_1_6' title="bbox 680 1246 848 1298; baseline -0.012 0"><span class='ocrx_word' id='word_1_20' title='bbox 680 1246 848 1298; x_wconf 82' lang='lat' dir='ltr'><strong><em>XAIPEIN.</em></strong></span> 
     </span>
    </p>
   </div>
   <div class='ocr_carea' id='block_1_5' title="bbox 269 1347 1311 3028">
    <p class='ocr_par' dir='ltr' id='par_1_5' title="bbox 269 1347 1311 3028">
     <span class='ocr_line' id='line_1_7' title="bbox 288 1347 1242 1457; baseline -0.001 -21"><span class='ocrx_word' id='word_1_21' title='bbox 288 1347 426 1444; x_wconf 82' lang='grc' dir='ltr'><strong><em>Ἦλθεν</em></strong></span> <span class='ocrx_word' id='word_1_22' title='bbox 442 1370 593 1457; x_wconf 77' lang='grc' dir='ltr'><strong><em>ἐπιστολὴ</em></strong></span> <span class='ocrx_word' id='word_1_23' title='bbox 610 1369 690 1457; x_wconf 90' lang='grc' dir='ltr'><strong><em>παρ’</em></strong></span> <span class='ocrx_word' id='word_1_24' title='bbox 700 1370 887 1457; x_wconf 81' lang='grc' dir='ltr'><strong><em>Ἀντιφίλου</em></strong></span> <span class='ocrx_word' id='word_1_25' title='bbox 896 1367 1066 1454; x_wconf 76' lang='grc' dir='ltr'><strong><em>πρόςτοός</em></strong></span> <span class='ocrx_word' id='word_1_26' title='bbox 1077 1376 1147 1436; x_wconf 75' lang='grc' dir='ltr'><strong><em>τῶν</em></strong></span> <span class='ocrx_word' id='word_1_27' title='bbox 1158 1387 1242 1454; x_wconf 85' lang='grc' dir='ltr'><strong><em>συμ-</em></strong></span> 
     </span>
     <span class='ocr_line' id='line_1_8' title="bbox 295 1467 1242 1557; baseline 0 -21"><span class='ocrx_word' id='word_1_28' title='bbox 295 1470 408 1555; x_wconf 85' lang='grc' dir='ltr'><strong><em>μάχων</em></strong></span> <span class='ocrx_word' id='word_1_29' title='bbox 419 1473 616 1556; x_wconf 78' lang='grc' dir='ltr'><strong><em>συνέδρους,</em></strong></span> <span class='ocrx_word' id='word_1_30' title='bbox 638 1484 707 1550; x_wconf 76' lang='grc' dir='ltr'><strong><em>τοῖς</em></strong></span> <span class='ocrx_word' id='word_1_31' title='bbox 717 1473 778 1557; x_wconf 74' lang='grc' dir='ltr'><strong><em>μὲν</em></strong></span> <span class='ocrx_word' id='word_1_32' title='bbox 788 1472 1001 1556; x_wconf 80' lang='grc' dir='ltr'><strong><em>βουλομένοις</em></strong></span> <span class='ocrx_word' id='word_1_33' title='bbox 1011 1467 1123 1553; x_wconf 79' lang='grc' dir='ltr'><strong><em>ἀγαθά</em></strong></span> <span class='ocrx_word' id='word_1_34' title='bbox 1136 1488 1242 1553; x_wconf 88' lang='grc' dir='ltr'><strong><em>προσ-</em></strong></span> 
     </span>
     <span class='ocr_line' id='line_1_9' title="bbox 296 1564 1242 1655; baseline -0.001 -20"><span class='ocrx_word' id='word_1_35' title='bbox 296 1573 399 1636; x_wconf 75' lang='grc' dir='ltr'><strong><em>δοκᾶν</em></strong></span> <span class='ocrx_word' id='word_1_36' title='bbox 410 1573 530 1646; x_wconf 78' lang='grc' dir='ltr'><strong><em>ίκαυεός</em></strong></span> <span class='ocrx_word' id='word_1_37' title='bbox 540 1570 764 1655; x_wconf 78' lang='grc' dir='ltr'><strong><em>γεγραμμένη,</em></strong></span> <span class='ocrx_word' id='word_1_38' title='bbox 781 1582 849 1648; x_wconf 79' lang='grc' dir='ltr'><strong><em>τοῖς</em></strong></span> <span class='ocrx_word' id='word_1_39' title='bbox 863 1566 893 1634; x_wconf 78' lang='grc' dir='ltr'><strong><em>δ’</em></strong></span> <span class='ocrx_word' id='word_1_40' title='bbox 907 1564 1128 1652; x_wconf 83' lang='grc' dir='ltr'><strong><em>ὑπηρετοῦσιν</em></strong></span> <span class='ocrx_word' id='word_1_41' title='bbox 1134 1564 1242 1634; x_wconf 89' lang='grc' dir='ltr'><strong><em>Ἀντι-</em></strong></span> 
     </span>
     <span class='ocr_line' id='line_1_10' title="bbox 294 1665 1245 1756; baseline -0.001 -22"><span class='ocrx_word' id='word_1_42' title='bbox 294 1667 408 1756; x_wconf 78' lang='grc' dir='ltr'><strong><em>πάτρῳ</em></strong></span> <span class='ocrx_word' id='word_1_43' title='bbox 419 1668 562 1746; x_wconf 78' lang='grc' dir='ltr'><strong><em>πολλοὺς</em></strong></span> <span class='ocrx_word' id='word_1_44' title='bbox 572 1671 626 1735; x_wconf 82' lang='grc' dir='ltr'><strong><em>καλ</em></strong></span> <span class='ocrx_word' id='word_1_45' title='bbox 639 1672 806 1753; x_wconf 78' lang='grc' dir='ltr'><strong><em>δυσχερεῖς</em></strong></span> <span class='ocrx_word' id='word_1_46' title='bbox 816 1665 1039 1733; x_wconf 79' lang='grc' dir='ltr'><strong><em>ἀπολείπουσα</em></strong></span> <span class='ocrx_word' id='word_1_47' title='bbox 1049 1665 1190 1748; x_wconf 84' lang='grc' dir='ltr'><strong><em>λόγους,</em></strong></span> <span class='ocrx_word' id='word_1_48' title='bbox 1211 1671 1245 1733; x_wconf 81' lang='grc' dir='ltr'><strong><em>οἳ</em></strong></span> 
     </span>
     <span class='ocr_line' id='line_1_11' title="bbox 294 1761 1243 1852; baseline -0.003 -21"><span class='ocrx_word' id='word_1_49' title='bbox 294 1765 541 1852; x_wconf 78' lang='grc' dir='ltr'><strong><em>παραλαβόντες</em></strong></span> <span class='ocrx_word' id='word_1_50' title='bbox 564 1764 604 1834; x_wconf 82' lang='grc' dir='ltr'><strong><em>τά</em></strong></span> <span class='ocrx_word' id='word_1_51' title='bbox 627 1764 705 1851; x_wconf 91' lang='grc' dir='ltr'><strong><em>παρ’</em></strong></span> <span class='ocrx_word' id='word_1_52' title='bbox 728 1764 942 1847; x_wconf 79' lang='grc' dir='ltr'><strong><em>Ἀντιπάτρου</em></strong></span> <span class='ocrx_word' id='word_1_53' title='bbox 962 1763 1137 1849; x_wconf 87' lang='grc' dir='ltr'><strong><em>γράμματα</em></strong></span> <span class='ocrx_word' id='word_1_54' title='bbox 1158 1761 1243 1844; x_wconf 87' lang='grc' dir='ltr'><strong><em>πρός</em></strong></span> 
     </span>
     <span class='ocr_line' id='line_1_12' title="bbox 294 1857 1243 1949; baseline -0.004 -19"><span class='ocrx_word' id='word_1_55' title='bbox 294 1872 480 1949; x_wconf 83' lang='grc' dir='ltr'><strong><em>Δείναρχον</em></strong></span> <span class='ocrx_word' id='word_1_56' title='bbox 491 1871 538 1942; x_wconf 87' lang='grc' dir='ltr'><strong><em>είς</em></strong></span> <span class='ocrx_word' id='word_1_57' title='bbox 553 1865 728 1947; x_wconf 89' lang='grc' dir='ltr'><strong><em>Κόρινθον</em></strong></span> <span class='ocrx_word' id='word_1_58' title='bbox 743 1864 885 1930; x_wconf 79' lang='grc' dir='ltr'><strong><em>ἐλθόντα</em></strong></span> <span class='ocrx_word' id='word_1_59' title='bbox 902 1859 1030 1938; x_wconf 80' lang='grc' dir='ltr'><strong><em>ἁπάσας</em></strong></span> <span class='ocrx_word' id='word_1_60' title='bbox 1046 1857 1104 1937; x_wconf 81' lang='grc' dir='ltr'><strong><em>τάς</em></strong></span> <span class='ocrx_word' id='word_1_61' title='bbox 1121 1863 1158 1927; x_wconf 84' lang='grc' dir='ltr'><strong><em>ἐν</em></strong></span> <span class='ocrx_word' id='word_1_62' title='bbox 1173 1868 1243 1926; x_wconf 88' lang='grc' dir='ltr'><strong><em>Πε-</em></strong></span> 
     </span>
     <span class='ocr_line' id='line_1_13' title="bbox 294 1960 1243 2049; baseline -0.002 -23"><span class='ocrx_word' id='word_1_63' title='bbox 294 1961 490 2049; x_wconf 79' lang='grc' dir='ltr'><strong><em>λοποννήσῳ</em></strong></span> <span class='ocrx_word' id='word_1_64' title='bbox 509 1963 618 2040; x_wconf 84' lang='grc' dir='ltr'><strong><em>πόλεις</em></strong></span> <span class='ocrx_word' id='word_1_65' title='bbox 628 1961 789 2028; x_wconf 83' lang='grc' dir='ltr'><strong><em>τοιούτων</em></strong></span> <span class='ocrx_word' id='word_1_66' title='bbox 799 1960 909 2045; x_wconf 85' lang='grc' dir='ltr'><strong><em>λόγων</em></strong></span> <span class='ocrx_word' id='word_1_67' title='bbox 936 1965 1083 2045; x_wconf 80' lang='grc' dir='ltr'><strong><em>ἔπλησαν</em></strong></span> <span class='ocrx_word' id='word_1_68' title='bbox 1103 1962 1185 2025; x_wconf 77' lang='grc' dir='ltr'><strong><em>οἵων</em></strong></span> <span class='ocrx_word' id='word_1_69' title='bbox 1196 1962 1243 2035; x_wconf 87' lang='grc' dir='ltr'><strong><em>είς</em></strong></span> 
     </span>
     <span class='ocr_line' id='line_1_14' title="bbox 269 2056 1242 2143; baseline -0.003 -19"><span class='ocrx_word' id='word_1_70' title='bbox 269 2057 442 2143; x_wconf 77' lang='grc' dir='ltr'><strong><em>2κεφαλὴν</em></strong></span> <span class='ocrx_word' id='word_1_71' title='bbox 459 2056 570 2124; x_wconf 81' lang='grc' dir='ltr'><strong><em>αὐτῶν</em></strong></span> <span class='ocrx_word' id='word_1_72' title='bbox 586 2062 740 2142; x_wconf 79' lang='grc' dir='ltr'><strong><em>τρέψειαν</em></strong></span> <span class='ocrx_word' id='word_1_73' title='bbox 757 2062 790 2124; x_wconf 84' lang='grc' dir='ltr'><strong><em>ολ</em></strong></span> <span class='ocrx_word' id='word_1_74' title='bbox 805 2065 888 2125; x_wconf 86' lang='grc' dir='ltr'><strong><em>θεοί.</em></strong></span> <span class='ocrx_word' id='word_1_75' title='bbox 918 2058 1124 2143; x_wconf 74' lang='grc' dir='ltr'><strong><em>ἀφικομένου</em></strong></span> <span class='ocrx_word' id='word_1_76' title='bbox 1135 2056 1170 2122; x_wconf 74' lang='grc' dir='ltr'><strong><em>δὲ</em></strong></span> <span class='ocrx_word' id='word_1_77' title='bbox 1179 2063 1242 2122; x_wconf 83' lang='grc' dir='ltr'><strong><em>τοῦ</em></strong></span> 
     </span>
     <span class='ocr_line' id='line_1_15' title="bbox 294 2153 1241 2242; baseline -0.002 -21"><span class='ocrx_word' id='word_1_78' title='bbox 294 2162 359 2222; x_wconf 82' lang='grc' dir='ltr'><strong><em>νῦν</em></strong></span> <span class='ocrx_word' id='word_1_79' title='bbox 372 2154 512 2241; x_wconf 79' lang='grc' dir='ltr'><strong><em>ἥκοντος</em></strong></span> <span class='ocrx_word' id='word_1_80' title='bbox 528 2153 608 2241; x_wconf 82' lang='grc' dir='ltr'><strong><em>μετά</em></strong></span> <span class='ocrx_word' id='word_1_81' title='bbox 625 2165 687 2224; x_wconf 81' lang='grc' dir='ltr'><strong><em>τοῦ</em></strong></span> <span class='ocrx_word' id='word_1_82' title='bbox 703 2154 779 2241; x_wconf 88' lang='grc' dir='ltr'><strong><em>παρ’</em></strong></span> <span class='ocrx_word' id='word_1_83' title='bbox 799 2160 881 2241; x_wconf 81' lang='grc' dir='ltr'><strong><em>ἐμοῦ</em></strong></span> <span class='ocrx_word' id='word_1_84' title='bbox 897 2161 1056 2242; x_wconf 84' lang='grc' dir='ltr'><strong><em>φέροντος</em></strong></span> <span class='ocrx_word' id='word_1_85' title='bbox 1066 2155 1241 2240; x_wconf 87' lang='grc' dir='ltr'><strong><em>γράμματα</em></strong></span> 
     </span>
     <span class='ocr_line' id='line_1_16' title="bbox 296 2251 1242 2343; baseline -0.002 -23"><span class='ocrx_word' id='word_1_86' title='bbox 296 2251 384 2336; x_wconf 83' lang='grc' dir='ltr'><strong><em>παρά</em></strong></span> <span class='ocrx_word' id='word_1_87' title='bbox 394 2260 621 2340; x_wconf 83' lang='grc' dir='ltr'><strong><em>Πολεμαΐστου</em></strong></span> <span class='ocrx_word' id='word_1_88' title='bbox 632 2254 714 2343; x_wconf 85' lang='grc' dir='ltr'><strong><em>πρός</em></strong></span> <span class='ocrx_word' id='word_1_89' title='bbox 724 2253 783 2323; x_wconf 90' lang='grc' dir='ltr'><strong><em>τόν</em></strong></span> <span class='ocrx_word' id='word_1_90' title='bbox 794 2253 1123 2340; x_wconf 78' lang='grc' dir='ltr'><strong><em>άόελφόνἘπίυικον,</em></strong></span> <span class='ocrx_word' id='word_1_91' title='bbox 1135 2251 1242 2335; x_wconf 76' lang='grc' dir='ltr'><strong><em>ἄνδρα</em></strong></span> 
     </span>
     <span class='ocr_line' id='line_1_17' title="bbox 295 2348 1311 2438; baseline -0.005 -19"><span class='ocrx_word' id='word_1_92' title='bbox 295 2348 375 2437; x_wconf 81' lang='grc' dir='ltr'><strong><em>ὑμῖν</em></strong></span> <span class='ocrx_word' id='word_1_93' title='bbox 392 2351 515 2420; x_wconf 81' lang='grc' dir='ltr'><strong><em>εὔνουν</em></strong></span> <span class='ocrx_word' id='word_1_94' title='bbox 530 2355 586 2420; x_wconf 81' lang='grc' dir='ltr'><strong><em>καὶ</em></strong></span> <span class='ocrx_word' id='word_1_95' title='bbox 599 2355 681 2438; x_wconf 29' lang='grc' dir='ltr'><strong><em>ἐμοὶ,</em></strong></span> <span class='ocrx_word' id='word_1_96' title='bbox 692 2361 806 2438; x_wconf 88' lang='grc' dir='ltr'><strong><em>φίλον,</em></strong></span> <span class='ocrx_word' id='word_1_97' title='bbox 828 2349 984 2420; x_wconf 86' lang='grc' dir='ltr'><strong><em>κάκείνου</em></strong></span> <span class='ocrx_word' id='word_1_98' title='bbox 996 2351 1080 2436; x_wconf 86' lang='grc' dir='ltr'><strong><em>πρός</em></strong></span> <span class='ocrx_word' id='word_1_99' title='bbox 1091 2354 1148 2436; x_wconf 76' lang='grc' dir='ltr'><strong><em>ἐμὲ</em></strong></span> <span class='ocrx_word' id='word_1_100' title='bbox 1157 2349 1244 2435; x_wconf 85' lang='grc' dir='ltr'><strong><em>ἆγα-</em></strong></span> <span class='ocrx_word' id='word_1_101' title='bbox 1252 2361 1311 2418; x_wconf 74' lang='lat'><strong><em>14⁹²</em></strong></span> 
     </span>
     <span class='ocr_line' id='line_1_18' title="bbox 294 2446 1243 2537; baseline -0.003 -18"><span class='ocrx_word' id='word_1_102' title='bbox 294 2451 429 2536; x_wconf 90' lang='grc' dir='ltr'><strong><em>γόντος,</em></strong></span> <span class='ocrx_word' id='word_1_103' title='bbox 452 2450 637 2519; x_wconf 87' lang='grc' dir='ltr'><strong><em>άκοόσαντί</em></strong></span> <span class='ocrx_word' id='word_1_104' title='bbox 651 2449 859 2537; x_wconf 77' lang='grc' dir='ltr'><strong><em>μοιάόλεγεν</em></strong></span> <span class='ocrx_word' id='word_1_105' title='bbox 869 2451 975 2519; x_wconf 78' lang='grc' dir='ltr'><strong><em>ἐδόκει</em></strong></span> <span class='ocrx_word' id='word_1_106' title='bbox 986 2450 1069 2535; x_wconf 85' lang='grc' dir='ltr'><strong><em>πρὸς</em></strong></span> <span class='ocrx_word' id='word_1_107' title='bbox 1080 2448 1168 2535; x_wconf 83' lang='grc' dir='ltr'><strong><em>ὑμᾶς</em></strong></span> <span class='ocrx_word' id='word_1_108' title='bbox 1179 2446 1243 2516; x_wconf 81' lang='grc' dir='ltr'><strong><em>αό-</em></strong></span> 
     </span>
     <span class='ocr_line' id='line_1_19' title="bbox 294 2544 1243 2632; baseline -0.001 -18"><span class='ocrx_word' id='word_1_109' title='bbox 294 2548 354 2615; x_wconf 89' lang='grc' dir='ltr'><strong><em>τόν</em></strong></span> <span class='ocrx_word' id='word_1_110' title='bbox 371 2547 574 2632; x_wconf 79' lang='grc' dir='ltr'><strong><em>ἀποστεῖλαι,</em></strong></span> <span class='ocrx_word' id='word_1_111' title='bbox 596 2549 686 2628; x_wconf 82' lang='grc' dir='ltr'><strong><em>ὅπως</em></strong></span> <span class='ocrx_word' id='word_1_112' title='bbox 696 2548 802 2616; x_wconf 87' lang='grc' dir='ltr'><strong><em>πάντα</em></strong></span> <span class='ocrx_word' id='word_1_113' title='bbox 813 2557 927 2631; x_wconf 76' lang='grc' dir='ltr'><strong><em>σαφῶς</em></strong></span> <span class='ocrx_word' id='word_1_114' title='bbox 939 2546 1142 2625; x_wconf 87' lang='grc' dir='ltr'><strong><em>άκοόσαντες</em></strong></span> <span class='ocrx_word' id='word_1_115' title='bbox 1155 2544 1195 2613; x_wconf 83' lang='grc' dir='ltr'><strong><em>τά</em></strong></span> <span class='ocrx_word' id='word_1_116' title='bbox 1206 2548 1243 2613; x_wconf 83' lang='grc' dir='ltr'><strong><em>έν</em></strong></span> 
     </span>
     <span class='ocr_line' id='line_1_20' title="bbox 294 2644 1252 2736; baseline 0 -27"><span class='ocrx_word' id='word_1_117' title='bbox 294 2653 341 2734; x_wconf 75' lang='grc' dir='ltr'><strong><em>τῷ</em></strong></span> <span class='ocrx_word' id='word_1_118' title='bbox 358 2650 564 2736; x_wconf 77' lang='grc' dir='ltr'><strong><em>στρατοπέδῳ</em></strong></span> <span class='ocrx_word' id='word_1_119' title='bbox 575 2647 736 2732; x_wconf 86' lang='grc' dir='ltr'><strong><em>γεγονότα</em></strong></span> <span class='ocrx_word' id='word_1_120' title='bbox 746 2655 808 2714; x_wconf 81' lang='grc' dir='ltr'><strong><em>τοῦ</em></strong></span> <span class='ocrx_word' id='word_1_121' title='bbox 818 2649 892 2729; x_wconf 79' lang='grc' dir='ltr'><strong><em>περὶ</em></strong></span> <span class='ocrx_word' id='word_1_122' title='bbox 902 2645 963 2733; x_wconf 73' lang='grc' dir='ltr'><strong><em>τὴν</em></strong></span> <span class='ocrx_word' id='word_1_123' title='bbox 974 2645 1082 2731; x_wconf 80' lang='grc' dir='ltr'><strong><em>μάχην</em></strong></span> <span class='ocrx_word' id='word_1_124' title='bbox 1093 2644 1252 2730; x_wconf 78' lang='grc' dir='ltr'><strong><em>παραγε-’</em></strong></span> 
     </span>
     <span class='ocr_line' id='line_1_21' title="bbox 293 2739 1243 2830; baseline -0.001 -21"><span class='ocrx_word' id='word_1_125' title='bbox 293 2745 477 2828; x_wconf 85' lang='grc' dir='ltr'><strong><em>γενημένου</em></strong></span> <span class='ocrx_word' id='word_1_126' title='bbox 495 2744 567 2813; x_wconf 91' lang='grc' dir='ltr'><strong><em>τότε</em></strong></span> <span class='ocrx_word' id='word_1_127' title='bbox 585 2750 630 2826; x_wconf 86' lang='grc' dir='ltr'><strong><em>είς</em></strong></span> <span class='ocrx_word' id='word_1_128' title='bbox 647 2743 683 2813; x_wconf 85' lang='grc' dir='ltr'><strong><em>τὸ</em></strong></span> <span class='ocrx_word' id='word_1_129' title='bbox 702 2742 810 2830; x_wconf 83' lang='grc' dir='ltr'><strong><em>παρόν</em></strong></span> <span class='ocrx_word' id='word_1_130' title='bbox 827 2751 989 2828; x_wconf 82' lang='grc' dir='ltr'><strong><em>θαρρῆτε,</em></strong></span> <span class='ocrx_word' id='word_1_131' title='bbox 1012 2740 1125 2810; x_wconf 78' lang='grc' dir='ltr'><strong><em>καὶτὰ</em></strong></span> <span class='ocrx_word' id='word_1_132' title='bbox 1142 2739 1243 2809; x_wconf 82' lang='grc' dir='ltr'><strong><em>λοιπὰ</em></strong></span> 
     </span>
     <span class='ocr_line' id='line_1_22' title="bbox 294 2838 1244 2931; baseline -0.003 -22"><span class='ocrx_word' id='word_1_133' title='bbox 294 2850 361 2909; x_wconf 75' lang='grc' dir='ltr'><strong><em>τῶν</em></strong></span> <span class='ocrx_word' id='word_1_134' title='bbox 373 2850 464 2910; x_wconf 80' lang='grc' dir='ltr'><strong><em>θεῶν</em></strong></span> <span class='ocrx_word' id='word_1_135' title='bbox 473 2845 645 2914; x_wconf 84' lang='grc' dir='ltr'><strong><em>θελόντων</em></strong></span> <span class='ocrx_word' id='word_1_136' title='bbox 650 2895 659 2931; x_wconf 94' lang='grc'><strong><em>,</em></strong></span> <span class='ocrx_word' id='word_1_137' title='bbox 672 2841 695 2911; x_wconf 80' lang='grc' dir='ltr'><strong><em>ά</em></strong></span> <span class='ocrx_word' id='word_1_138' title='bbox 704 2844 869 2930; x_wconf 83' lang='grc' dir='ltr'><strong><em>βούλεσθε</em></strong></span> <span class='ocrx_word' id='word_1_139' title='bbox 881 2843 964 2922; x_wconf 73' lang='grc' dir='ltr'><strong><em>ἕξειν</em></strong></span> <span class='ocrx_word' id='word_1_140' title='bbox 975 2838 1244 2925; x_wconf 85' lang='grc' dir='ltr'><strong><em>όπολαμβάνητε.</em></strong></span> 
     </span>
     <span class='ocr_line' id='line_1_23' title="bbox 295 2938 465 3028; baseline 0.018 -22"><span class='ocrx_word' id='word_1_141' title='bbox 295 2938 465 3028; x_wconf 79' lang='grc' dir='ltr'><strong><em>εὐτυχεῖτε.</em></strong></span> 
     </span>
    </p>
   </div>
   <div class='ocr_carea' id='block_1_6' title="bbox 0 0 1584 4409">
    <p class='ocr_par' dir='ltr' id='par_1_6' title="bbox 0 0 1584 4409">
     <span class='ocr_line' id='line_1_24' title="bbox 0 0 1584 4409; baseline 0 3"><span class='ocrx_word' id='word_1_142' title='bbox 0 0 1584 4409; x_wconf 95' lang='lat' dir='ltr'><strong><em> </em></strong></span> 
     </span>
    </p>
   </div>
  </div>
 </body>
</html>
