3159 4409
510 500 650 561 ΠΡΟΣ
679 499 1006 566 ΚΑΛΛΙΠΠΟΝ
1175 499 1237 565 181

285 660 339 728 τόν
349 667 433 728 Πασί
432 691 493 727 ωνα
511 659 622 768 βλάβης
638 657 717 724 αύτω
705 658 938 743 δικαζόμενος,
960 658 1233 765 καίΛυσνθείδη
1204 690 1237 729 το

285 755 408 851 πρᾶγμα
418 749 584 854 ἐπέτρεψεν,
598 745 675 820 ὅστις
681 726 837 850 Πασίωνος
846 753 952 822 ζῶντος
962 739 1076 819 οὐδὲν
1058 745 1236 849 απεφήνατο.
1342 810 1345 829 ,

287 826 494 906 άττοθανόντος
513 831 544 893 δέ
561 831 673 892 ἐκείνου
685 820 775 906 αυθις
782 824 993 932 Ἀπολλοδώρῳ
1004 830 1141 913 λαγχάνει
1152 835 1238 912 δίκην

285 941 338 980 του
325 909 492 1019 άργυρίου
503 909 687 1017 Κάλλιππος,
699 939 750 976 και
740 907 844 1014 ἠξίου
855 910 946 977 πάλιν
956 895 1151 1015 ἐπιτρέψαι
1121 941 1162 978 τω
1149 921 1237 1016 Λρ-

286 1003 423 1102 σιθείδη
435 1024 451 1061 ο
441 994 497 1062 δὲ
505 990 761 1100 Ἀπολλόδωρος
733 1021 784 1060 τον
796 996 850 1076 μέν
862 993 1057 1100 διαιτητὴνέδ
1039 977 1163 1101 δέξατο,
1165 993 1238 1101 πρὸς

287 1078 366 1146 δὲ
335 1109 389 1164 την
406 1074 500 1184 ἀρχὴν
516 1078 645 1159 τούνομα
660 1103 712 1190 τορ
699 1075 937 1144 Λυσνθείδου’
919 1080 1098 1164 ατνήνεγκεν,
1121 1084 1175 1161 ιν,
1200 1106 1239 1156 ως

286 1185 392 1246 φησιν,
415 1160 523 1246 ὀμόσας
532 1166 649 1269 δικάση
660 1165 710 1227 καὶ
722 1157 763 1245 μὴ
774 1165 861 1247 χωρὶς
872 1189 962 1272 ορκον
973 1170 1095 1229 διαιτῶν
1106 1193 1146 1250 τῳ
1134 1172 1238 1228 Καλ·

285 1253 383 1336 λίππιγ
400 1253 574 1351 χαρίσηται.
593 1244 661 1311 οδε
669 1249 903 1348 Λυσιθείδης
869 1272 925 1312 ουκ
942 1245 1050 1354 όμόσας
1056 1244 1238 1355 ἀπεφήνατο
1349 1262 1352 1267 ’

285 1335 336 1397 καλ
348 1314 574 1435 κατεδιῄτησε
543 1357 598 1433 την
611 1335 705 1411 δίκην.
729 1327 859 1414 διόπερ”
841 1352 942 1411 εφεσιν
952 1327 1049 1408 δούςὸ
1056 1329 1238 1397 Ἀπολλόδω·
1331 1338 1333 1347 '

287 1442 337 1501 ρος
349 1420 389 1491 εἰς
398 1441 429 1480 το
418 1395 634 1497 δικαστήριον
644 1415 808 1495 εἰσέρχεται.

373 1637 445 1706 Ούκ
457 1644 524 1705 ἔστι
535 1637 762 1722 χαλεπώτερον
773 1635 890 1721 οὐδέν,
912 1629 1068 1720 όόίνδρες
1080 1639 1238 1725 δικασταὶ,

285 1734 309 1822 ἢ
331 1734 413 1803 ὅταν
434 1735 615 1821 ἅνθρωπος
637 1735 737 1815 δόξαν
758 1739 841 1820 ἔχων
861 1737 917 1803 καλ
933 1736 1118 1822 δυνάμενος
1134 1743 1239 1816 εἰπεῖν

285 1841 393 1922 τολμᾷ
409 1834 594 1914 ψεύδεσθαι
609 1836 663 1900 καλ
674 1832 854 1920 μαρτύρων
864 1830 1001 1920 εὐπορῇ.
1036 1832 1163 1921 ἀνάγκη
1173 1835 1237 1920 γάρ

284 1936 354 2001 ἐστι
364 1941 411 2021 τῷ
422 1933 582 2018 φεύγοντι
592 1934 705 2019 μηκέτι
717 1934 790 2016 περὶ
801 1940 863 1999 τοῦ
870 1933 1061 2020 πράγματος
1068 1934 1174 2020 μόνον
1184 1937 1237 2001 λέ·
1247 1947 1314 2001 1236

283 2057 373 2116 γειν,
397 2028 482 2097 ἀλλά
493 2032 547 2098 καλ
558 2032 632 2113 περὶ
643 2029 748 2099 αύτού
760 2039 822 2098 τού
832 2036 1001 2116 λέγοντος,
1024 2029 1140 2111 ὡςούκ
1152 2032 1237 2112 είκός

258 2129 375 2216 ταύτῷ
392 2126 445 2194 διά
462 2129 523 2214 την
542 2128 643 2208 δόξαν
657 2130 833 2197 πιστεύειν.
869 2137 898 2203 εί
906 2129 971 2216 γάρ
987 2136 1065 2208 ἔθος
1076 2130 1239 2217 καταστή-

285 2245 358 2294 σετε
373 2241 441 2306 τοῖς
458 2230 654 2313 δυναμένοις
673 2234 776 2295 εἰπεῖν
793 2231 848 2296 καὶ
867 2227 967 2307 δόξαν
983 2234 1095 2313 έχουσι
1112 2237 1239 2314 μᾶλλον

285 2325 453 2392 πιστεύειν
468 2321 489 2410 ἦ
506 2341 573 2409 τοῖς
585 2324 862 2411 ἀδυνατωτέροις,
885 2325 937 2411 ἐφ’
952 2325 1033 2412 ὑμῖν
1044 2326 1156 2403 αὐτοῖς
1167 2334 1239 2394 ἔσε-

285 2433 350 2491 σθε
361 2421 397 2490 τό
412 2429 491 2501 έθος
500 2430 599 2490 τοῦτο
612 2423 899 2500 κατεσκευακότες.
932 2426 1047 2506 δέομαι
1057 2417 1121 2489 οὖν
1132 2421 1239 2508 ὑμῶν,

286 2533 377 2605 εἴπερ
394 2549 425 2589 τι
442 2524 497 2589 καὶ
508 2521 590 2589 ἄλλο
603 2523 736 2589 πώποτε
746 2528 880 2606 πρᾶγμα
893 2518 1065 2586 αὐτὸκαθ’
1080 2516 1161 2586 αύτδ
1172 2523 1241 2586 ἐδι-

285 2619 418 2705 κάσατε,
430 2620 511 2706 μηδὲ
522 2617 594 2706 μεθ’
610 2621 729 2706 ἑτέρων
740 2617 802 2704 τὴν
813 2617 951 2704 γνώμην
960 2618 1144 2705 γενόμενοι,
1159 2618 1240 2704 μήτε

286 2717 367 2806 μετά
379 2726 447 2786 τόν
459 2719 651 2787 διωκόντων
661 2719 742 2805 μήτε
753 2716 833 2804 μετά
848 2726 917 2785 τῶν
928 2717 1140 2803 φευγόντων,
1155 2715 1238 2785 ἄλλά

285 2817 322 2886 τὸ
345 2822 474 2884 δίκαιον
494 2818 712 2905 σκεψάμενοι,
736 2817 823 2886 οὕτω
839 2819 893 2885 καλ
905 2820 1169 2902 νύνδιαγνῶγαι.
1206 2819 1239 2896 ἐξ

286 2915 389 3001 ἀρχῆς
400 2914 430 2982 δ’
445 2913 525 3002 ύμῖν
535 2918 743 3004 διηγήσομαι.

256 3059 275 3112 3
371 3027 495 3095 Λύκων
517 3029 581 3114 γάρ
599 3027 616 3097 ὁ
632 3027 874 3118 Ἡρακλεώτης,
898 3024 1062 3115 άάνδρες
1078 3031 1237 3115 δικασταὶ,
1332 3041 1336 3047 ’

286 3119 387 3206 οὗτος
403 3123 442 3194 όν
459 3129 513 3195 καὶ
535 3126 634 3207 αύτός
651 3120 754 3215 λέγει,
776 3138 818 3217 τῇ
834 3133 974 3217 τραπέζῃ
992 3138 1033 3217 τῇ
1044 3137 1105 3197 τοῦ
1116 3124 1238 3212 πατρὸς

285 3229 413 3312 ἐχρῆτο,
427 3225 536 3312 ὥσπερ
550 3229 651 3296 καλοί
660 3227 754 3297 άλλοι
764 3235 912 3315 ἔμποροι,
925 3233 1015 3308 ξένος
1026 3222 1238 3313 μένόνἏρι-

285 3325 394 3413 στόνῳ
403 3324 852 3414 τῷΔεκελεϊκαλἉρχεβιάδη
860 3335 907 3415 τῷ
914 3335 1091 3410 Λαμπτρεῖ,
1101 3322 1238 3410 ἅνθρω-

284 3447 347 3501 πος
364 3424 402 3489 δέ
416 3448 465 3502 τις
476 3423 630 3511 τάφρων.
664 3416 763 3503 οὗτος
775 3421 886 3508 ἐπειδὴ
897 3425 1028 3490 ἐκπλεῖν
1043 3428 1180 3509 ἔμελλεν
1189 3430 1236 3502 είς

282 3520 345 3607 τὴν
351 3521 494 3608 Λιβύην,
507 3523 777 3610 διαλογισάμενος
789 3520 872 3608 πρὸς
882 3523 942 3589 τὸν
952 3525 1075 3608 πατέρα
1085 3521 1145 3591 τόν
1155 3522 1236 3607 ἐμὸν
1266 3524 1268 3529 ’

283 3621 436 3687 ἐναντίου
445 3618 656 3707 Ἀρχεβιάδου
666 3623 721 3689 καὶ
733 3626 884 3706 Φρασίου
894 3624 1069 3704 προσέταξε
1079 3621 1116 3688 τό
1129 3618 1236 3704 άργύ-

285 3745 360 3806 ριον
377 3716 396 3788 δ
412 3724 585 3788 κατέλιπεν
596 3713 653 3807 (ἦν
666 3721 702 3788 δέ
713 3728 812 3787 τούτο
824 3721 994 3789 ἑκκαίδεκα
1005 3734 1087 3807 μναῖ
1094 3719 1150 3786 καὶ
1163 3742 1236 3783 τετ-
