3159 4409
280 495 345 573 εισ
520 494 977 577 ’[ΔιιαοΣσαιιονν]
1132 513 1134 516 ·

281 681 348 744 χος,
360 648 388 727 ά
398 654 712 741 άνδρεςἈθηναῐοι,
723 663 793 724 τάν
807 682 842 724 τε
854 658 965 744 λόγων
974 663 1029 728 καὶ
1041 669 1111 729 τάν
1126 686 1234 784 πραγ-

282 757 396 845 μάτων
417 755 524 846 ἐστὶν,
543 751 628 825 άλλδι
647 758 699 823 δεῖ
709 763 776 824 νῦν
791 782 830 823 ευ
818 749 1169 846 βεβουλευμένους’
1149 771 1233 848 ημάς

281 863 448 943 φανῆναι,
462 855 533 924 τότε
545 849 630 940 δὲ,
607 881 652 923 αν
664 854 729 940 άρα
739 863 846 923 ταῦτα
857 857 993 946 δοκῇ,
958 885 998 926 τα
1008 867 1067 944 τῆς
1079 856 1234 947 ἀνδρείας

280 955 527 1038 ἀποδείξασθαι.
560 979 583 1039 η
572 945 722 1072 ’μὲν
680 978 744 1021 ουν
759 950 903 1080 ὑμετέρα
921 964 1095 1043 προθυμία
1111 957 1234 1038 παντὸς

280 1053 370 1139 άξία,
389 1055 444 1122 καὶ
453 1050 588 1137 τοιαύτη
599 1052 758 1135 πάρεστιν
768 1057 844 1121 οἵαν
855 1053 899 1122 άν
908 1080 957 1135 τις
966 1053 1153 1137 εύξαιτο”
1111 1082 1233 1137 ευνους

281 1180 330 1222 ων
338 1180 378 1242 τη
366 1151 500 1220 Ἡπάλει
522 1147 666 1218 νύνδ’
645 1171 715 1240 οσῳ
731 1153 888 1238 τυγχάνει
898 1158 1232 1242 σπουδαιοτέρα,το-

279 1251 389 1339 σούτςο
401 1254 454 1319 δεῖ
466 1257 594 1336 μᾶλλον
610 1219 796 1334 προιδείν
775 1274 866 1329 οπως
877 1257 923 1330 είς
939 1255 1017 1319 δεον
1026 1275 1231 1340 καταχρησε-

278 1360 343 1419 σθε
354 1346 447 1438 αυτῇ.
475 1345 664 1429 ούδενδς
625 1374 691 1434 γαρ
702 1336 872 1435 εὐδοκιμεῖ
878 1351 1068 1437 πράγματος
1078 1380 1100 1470 η
1088 1349 1231 1436 ’προαί-

272 1469 384 1534 ρεσις,
405 1442 449 1515 άν
464 1473 510 1534 μη
498 1444 578 1517 καὶ
593 1472 630 1515 το
619 1444 734 1526 τέλος
747 1453 921 1533 συμφέρον
936 1451 991 1517 καὶ
1008 1448 1115 1518 καλὸν
1133 1451 1228 1570 λάβη.

280 1543 343 1633 ἐμά
355 1546 391 1615 δὲ
375 1544 476 1615 δολδά
487 1569 577 1631 ποτε,
590 1571 615 1613 ω
603 1537 762 1631 άνδρες’
755 1555 932 1667 Αθηναῖοι,
943 1545 1017 1633 παρ’
1031 1543 1113 1633 ὑμῖν
1123 1546 1229 1616 άκού-

278 1748 440 1830 πολέμου,
455 1743 775 1830 Ἰφικράτουςλέμω,
800 1769 837 1823 ος
846 1749 909 1830 ἔφη
927 1742 1052 1811 δειν
1008 1770 1098 1812 ουτω
1108 1770 1230 1832 προαι-

278 1853 409 1927 ρεῖσθαι
425 1844 636 1913 κινδυνεύειν
652 1842 713 1929 τὸν
729 1843 916 1930 στρατηγόν
933 1840 1023 1921 ὅπως
1039 1840 1084 1930 μὴ
1097 1838 1174 1932 τάῆ
1189 1842 1227 1912 τά

276 1941 465 2029 γενήσεται,
487 1939 554 2010 ἀλλ’
569 1940 659 2021 ὅπως
675 1941 730 2008 τά·
754 1939 843 2009 ούτω
859 1940 924 2025 γάρ
944 1937 1014 2007 ελπε
1031 1947 1079 2029 τῷ
1095 1941 1224 2028 ῥήματι.

276 2033 370 2126 ἧνδη
383 2046 480 2107 τοῦτο
491 2039 672 2125 γνώριμον,
680 2035 731 2105 ὅτι
741 2036 833 2115 ὅπως
839 2046 947 2116 καλῶς
956 2036 1144 2123 ἀγωνιεῖται
1155 2045 1228 2107 ἔλε-

277 2163 345 2223 γεν.
373 2135 508 2206 ἐπειδάν
518 2135 579 2221 μὲν
588 2143 704 2204 τοίνυν
715 2138 885 2223 ἐξέλθητε,
903 2134 940 2216 δς
956 2132 1000 2205 άν
1010 2134 1146 2225 ἡγῆται,
1163 2137 1226 2205 κύ-

276 2262 347 2322 ριος
357 2232 544 2321 ύμάνέστί·
567 2241 633 2302 νῦν
650 2230 681 2302 δ’
694 2234 832 2314 ἕκαστος
848 2233 944 2321 ὑμῶν
962 2233 1075 2303 αὐτῶν
1086 2258 1227 2323 στρατη-

275 2349 334 2420 γεῖ.
368 2339 419 2403 δεῖ
433 2332 472 2420 δη
490 2340 626 2402 τοιαῦτα
643 2342 789 2422 φανῆναι
803 2338 1104 2421 βεβουλευμένους,
1126 2333 1166 2403 δι’
1180 2328 1228 2403 οἷν

276 2440 448 2520 πανταχῶς
464 2441 610 2502 συνοίσει
627 2442 667 2523 τῇ
682 2433 776 2502 πόλει
793 2437 848 2502 καλ
864 2432 908 2520 μή
928 2442 1125 2519 μελλουσῶν
1141 2432 1224 2503 ἕνεκ’

275 2536 419 2602 ἐλπίδων
426 2540 484 2619 τῆς
495 2533 667 2620 παρούσης
678 2529 889 2620 εὐδαιμονίας
898 2532 1011 2619 χεῖρόν
1021 2559 1052 2601 τι
1061 2533 1224 2622 ποιήσετε.

709 2684 785 2746 NA.

338 2817 459 2888 ούδέν’
472 2815 516 2889 άν
533 2815 642 2908 ᾤμην,
666 2813 822 2908 άάνδρες
830 2820 1015 2908 Ἀθηναῖοι,
1027 2822 1227 2892 πιστεύοντα

271 2933 339 2998 τοῖς
349 2923 590 3005 πεπραγμένοις
601 2923 772 3006 ἐγκαλέσαι
780 2935 849 2999 τοῖς
860 2927 1057 2988 καθιστᾶσιν
1066 2926 1111 2999 εἰς
1121 2919 1227 3006 λόγου

272 3025 389 3084 ταῦτα·
411 3016 478 3106 ὅσῳ
490 3016 554 3103 γάρ
572 3014 615 3086 άν
626 3021 802 3100 πλεονάκις
814 3020 942 3106 ἐξετάζῃ
953 3046 1000 3098 τις
1010 3015 1104 3104 αύτά,
1117 3017 1226 3106 άνάγ-

272 3142 314 3202 κη
330 3116 408 3196 τοὺς
430 3116 700 3197 τούτωνθαλτίους
711 3115 906 3205 εὐδοκιμεῖν.
941 3114 982 3185 ού
992 3115 1059 3204 μὴν
1071 3116 1156 3187 άλλά
1167 3144 1224 3204 μοι
1239 3136 1292 3192 Ιίσί

272 3217 429 3283 δοκοῦσιν
446 3213 540 3283 αύτολ
557 3215 706 3301 φανερὸν
723 3215 924 3297 καθιστάναι
940 3214 1002 3285 ούιι
1020 3218 1076 3283 έπί
1089 3242 1134 3305 τῳ
1154 3223 1225 3285 τοῖν

270 3316 312 3396 τῇ
328 3311 422 3380 πόλει
439 3313 680 3401 συμφερόντων
696 3314 885 3401 πράξαντες.
916 3319 953 3386 οἱ
961 3322 1046 3400 γοῦν
1058 3316 1226 3400 ἐξελέγχε-

270 3415 352 3474 σθαι
360 3413 550 3499 μέλλοντες,
562 3409 606 3481 άν
616 3415 716 3506 πάλιν
729 3420 759 3482 εί
758 3415 887 3499 ςλόγου
897 3413 1038 3499 ἔλθωσι,
1056 3413 1225 3532 μεύγουσι

269 3506 323 3574 καί
334 3506 426 3574 δεινά
438 3524 545 3580 ποιειν
555 3508 641 3598 ημᾶς
651 3535 764 3599 φασιν.
797 3521 904 3582 καίτοι
914 3511 997 3580 ὅταν
1007 3509 1086 3590 τούς
1095 3514 1226 3596 ἐξελέγ-

267 3629 338 3688 χειν
348 3609 572 3725 βουλομένους
583 3609 676 3682 δεινά
688 3627 794 3681 ποιειν
805 3619 973 3696 αίτιάσθε,
994 3609 1057 3679 τέ’
1041 3624 1133 3699 ημεῖς
1143 3607 1226 3693 τούς

270 3698 1099 3838 ημᾶςαύτούςἐξηπατηκόταςτηνικαυταλέγωμενς
