3159 4409
501 496 659 566 ,ΠΡΟΣ
679 499 1000 562 ΦΑΙΝΙΠΠΟΝ.
1194 500 1233 563 ll

263 746 268 758 x
281 655 345 725 οὐκ
358 652 459 724 οἰδ”’
438 681 516 725 οποι
529 653 734 743 προῆλθεν“
712 685 755 724 αν
772 685 793 744 η
783 656 945 727 τουτουὶ
956 668 1146 730 Φαινίππου
1156 662 1264 731 τόλ-

281 781 344 842 μα,
365 753 455 823 ὅπου
466 757 573 841 γεκαὶ
588 763 654 822 νῦν
670 755 801 825 ἅπαντα
811 766 914 825 ταῦτα
926 760 1173 884 προλέγοντος’
1155 777 1235 849 ημῖν

281 862 343 922 τοῦ
361 857 488 980 νόμον,
511 854 601 942 ὅμως
587 854 720 924 οὐδὲν
737 863 919 941 φροντίσας
938 867 1007 925 τῶν
1023 864 1058 926 ἐν
1074 858 1169 946 αὐτῷ
1175 886 1233 945 γε·
1244 892 1311 945 1039

281 956 487 1075 γραμμένων
501 952 691 1039 δικαίων,’
673 958 747 1023 αντι
761 982 824 1041 μεν
840 965 901 1023 τοῦ
916 981 1018 1043 τριων
1034 954 1167 1043 ἡμερῶν
1177 955 1231 1045 ἀφ’

279 1045 319 1138 ἧς
332 1052 441 1139 ὤμοσε
452 1080 514 1140 την
526 1052 698 1139 ἀπόφασιν
709 1058 832 1122 δοῦναί
838 1081 894 1141 μοι
911 1065 969 1142 τῆς
981 1053 1094 1135 οὐσίας
1103 1065 1161 1143 τῆς
1171 1055 1234 1123 αδ-

279 1159 341 1219 τοῦ
353 1151 438 1220 κατά
448 1155 509 1222 τὸν
521 1154 643 1240 νόμον,
652 1148 685 1238 η’
696 1158 726 1220 εἰ
734 1151 779 1240 μὴ
790 1151 856 1221 τότ’
867 1155 1037 1240 ἐβούλετο,
1060 1162 1102 1243 τῇ
1113 1153 1140 1240 γ’
1156 1157 1234 1244 ἕκτη

280 1255 401 1319 δοῦναι
411 1261 474 1320 τοῦ
485 1256 732 1339 βοηδρομιῶνος
743 1250 856 1338 μηνὸς,
864 1249 907 1339 ἢν
919 1258 1049 1339 δεηθείς
1060 1278 1126 1339 μου
1136 1258 1233 1321 ἔθετο

280 1352 335 1416 καί
351 1352 390 1417 ἐν
406 1342 430 1438 ᾗ
446 1339 638 1436 ὦμολόγησέ
650 1348 768 1418 δώσειν
784 1348 847 1438 την
865 1350 1053 1438 ἀπόφασιν,
1075 1351 1234 1434 οὐδέτερα

257 1447 413 1515 ετοάτων
424 1450 586 1534 ἐποίησεν,
599 1447 683 1516 ἀλλὰ
693 1453 949 1537 καταφρονήσας
960 1449 1167 1537 ἀμφοτέρων,
1180 1452 1234 1518 καὶ

281 1543 378 1633 ἡμῶν
390 1547 446 1614 καὶ
454 1553 516 1614 τοῦ
527 1547 800 1638 νόμου,,δευτέρῳ
811 1555 890 1636 μηνί
901 1555 1013 1636 ἔδωκε,
1025 1556 1121 1618 δυοῖν
1131 1547 1152 1636 ἢ
1163 1575 1235 1633 τρι-

282 1649 339 1712 σὶυ
348 1641 485 1730 ἡμέραις
496 1647 660 1730 πρότερον
677 1656 735 1732 τῆς
753 1655 798 1726 εἰς
814 1647 850 1716 τό
864 1651 1077 1737 δικαστήριον
1088 1650 1232 1734 εἰσόδου,

281 1740 347 1810 τὸν
364 1740 394 1809 δ’
407 1742 509 1811 ἀλλον
525 1741 640 1811 ἅπαντ’
653 1744 806 1814 ἐκποδών
821 1740 865 1832 ἦν
878 1748 1016 1834 χρόνον·
1039 1747 1113 1816 ἀντὶ
1124 1749 1160 1816 δὲ
1170 1754 1233 1814 τοῦ

281 1839 323 1908 τὰ
335 1856 452 1928 σημεῖα
463 1845 522 1910 ἐᾶν
532 1852 599 1910 τῶν
616 1845 804 1929 οἰκημάτων
819 1843 841 1911 δι’
858 1847 1158 1933 παρεσημηνάμην,
1177 1847 1232 1913 ἐλ-

281 1937 359 2007 θόν
376 1945 422 2018 εἰς
438 1938 543 2026 ἀγρὸν
561 1939 683 2030 ἀνέῳξε
700 1945 755 2009 καὶ
771 1942 830 2021 τάς
845 1941 966 2028 κριθάς
982 1945 1160 2030 ἐξεφόρησε
1177 1945 1233 2011 καί

281 2036 397 2125 τᾶλλα,
421 2038 531 2123 ὥσπερ
551 2044 702 2120 ἐξουσίαν
724 2043 906 2122 δεδωκότος
924 2041 1016 2133 αὐτῷ
1038 2051 1100 2110 τοῦ
1123 2043 1232 2128 νόμου

255 2153 390 2212 εποιείν
406 2137 427 2208 ὅ
442 2165 474 2206 τι
490 2135 533 2206 ἀν
550 2140 708 2226 βούληται
725 2138 835 2227 καὶμὴ
849 2139 893 2220 οἱς
904 2141 1034 2219 δίκαιόν
1046 2145 1144 2210 ἐστιν.
1167 2138 1231 2226 ἐγώ

281 2234 327 2321 δ’,
348 2229 380 2304 ω’
388 2235 509 2321 ἀνδρες
527 2240 692 2322 δικασταί,
712 2237 831 2330 ἥδιστα
850 2240 911 2326 μὲν
927 2236 971 2308 ἀν
987 2238 1131 2327 ἐμαυτὸν
1143 2238 1232 2306 εἰδον

280 2332 487 2420 εὐτυχοῦντα
500 2333 609 2422 ὥσπερ
627 2335 790 2421 πρότερον
807 2347 848 2426 τῇ
864 2337 961 2427 οὐσία
976 2342 1031 2406 καί
1042 2339 1184 2425 μένοντα
1194 2340 1232 2403 ἐν

278 2449 351 2514 τοῖς
358 2443 572 2520 τριακοσίοις·
595 2434 706 2522 ἐπειδὴ
721 2441 757 2503 δὲ
767 2437 805 2504 τά
825 2437 885 2522 μὲν
901 2446 960 2522 τῆς
973 2445 1086 2527 κοινῆς
1099 2434 1232 2520 ἀτυχίας

279 2532 455 2622 μετασχών
466 2539 534 2612 τοῖς
550 2533 737 2613 άλλοιςτοίς
748 2537 976 2621 ἐργαζομένοις
988 2537 1103 2611 ἐντοῖς
1114 2538 1231 2620 ἔργοις,

279 2634 319 2701 τά
332 2633 364 2701 δ’
375 2632 446 2724 ’ἰδίᾳ
457 2627 614 2721 μεγάλαις
632 2633 892 2721 περιπεπτωκώς
899 2639 1022 2720 ζημίαις
1039 2630 1232 2700 ἀπολώλεκα

278 2731 342 2820 τὴν
352 2729 483 2819 οάσίαν,
493 2735 549 2801 καί
557 2731 595 2804 τό
608 2742 797 2801 τελευταῖον
807 2740 887 2801 νυνί
894 2759 935 2819 με
946 2737 998 2800 δεῖ
1004 2739 1045 2820 τῇ
1057 2732 1149 2798 πόλει
1159 2727 1247 2816 τρία

279 2833 427 2900 τάλαντα
438 2841 641 2917 καταθεῖναι,
658 2833 820 2900 τάλαντον
832 2830 914 2900 κατὰ
925 2830 988 2917 τήν
998 2835 1114 2916 μερίδα
1126 2833 1235 2915 (μετέ-

280 2956 363 3020 σχον
373 2930 456 3019 γάρ,
476 2931 520 3011 ὣς
531 2929 654 3018 μήποτ’
669 2931 817 3018 ὤφελον,
831 2928 922 3017 κάγώ
935 2937 996 2997 τοῦ
1009 2929 1234 3016 δημευθέντος

279 3034 471 3119 μετάλλου),
484 3029 668 3118 ἀναγκαῖόν
679 3035 767 3099 ἐστιν
778 3038 825 3110 εἰς
834 3026 901 3118 τὴν
914 3027 998 3116 ἐμὴν
1013 3029 1105 3106 τάξιν
1116 3033 1233 3109 πειρᾶ-

278 3142 363 3199 σθαι
382 3133 584 3200 καθιστάναι
600 3130 660 3200 τὸν
677 3129 719 3198 ου
737 3132 846 3216 μόνον
861 3135 944 3216 ἐμου
957 3154 1023 3195 νυν
1033 3127 1113 3195 ὄντα
1127 3133 1232 3192 πλου-

278 3231 460 3331 σιιότερον,
479 3229 563 3310 ἀλλὰ
574 3232 629 3299 καί
646 3231 843 3317 πρότερον,
836 3232 899 3298 καὶ
917 3222 1119 3296 οὐδεπώποτ’
1131 3222 1231 3292 οὐδὲν

278 3326 577 3418 λελειτουργηκότα
609 3329 688 3417 ὑμιν
709 3328 784 3397 οὐδ’
810 3325 1039 3413 εἰσενηνοχότα
1065 3330 1106 3412 τῇ
1126 3323 1229 3390 πόλει

256 3423 456 3518 ςδέομαι
413 3456 478 3498 ουν
494 3427 592 3516 ὑμῶν
610 3427 782 3512 ἁπάντων,
806 3454 832 3494 ω
820 3420 970 3509 ἀνδρες
986 3423 1149 3504 δικασταὶ,
1172 3419 1231 3487 ἐὰν

279 3527 478 3598 ἐπιδεικνύω
490 3534 685 3596 Φαίνιππον
701 3527 835 3594 τουτονὶ
851 3550 907 3592 και
895 3521 1177 3646 παραβεβηκότα
1188 3522 1228 3585 τά

279 3632 314 3696 ἐν
329 3641 399 3708 τοῖς
410 3628 527 3715 νόμοις
541 3631 648 3694 δίκαια
656 3627 710 3693 καί
721 3621 1061 3707 πλουσιώτερονὸντα
1073 3625 1227 3737 ἐμαυτοῦ,
1240 3630 1307 3699 1040

278 3732 450 3814 βοηθῆσαί
467 3751 525 3812 μοι
545 3726 600 3792 καί
620 3732 742 3793 τοῦτον
760 3730 809 3802 εἰς
830 3719 909 3801 τούς
928 3727 1136 3808 τριακοσίους
1157 3713 1225 3784 ἀντ’
