3159 4409
524 475 662 535 ΠΡΟΣ
688 471 1015 534 ΚΛΛΛΙΠΠΟΝ.
1180 471 1242 536 185

300 638 411 722 ὥσπερ
428 643 494 704 νῦν
512 635 689 720 ἀργυρίου,
711 629 795 701 ἀλλά
810 633 952 719 βλάβης,
974 634 1148 717 ἐγκαλέσας
1159 633 1244 720 βλά-

284 717 393 804 Ιπτειν
410 731 529 804 ἑαυτὸν
546 729 747 818 ἀποδιδόντα
762 731 953 818 Κηφισιάδῃ
969 728 1007 800 τὸ
1024 729 1186 817 ἀργύριον
1223 729 1244 800 δ

300 837 450 902 κατέλιπε
460 831 583 900 Λύκων
600 827 849 916 ὁἮρακλεάτης
865 829 945 912 παρ’
958 828 1064 924 αύτῷ,
1087 829 1170 897 ἀνευ
1181 826 1245 896 αὑ-

300 939 362 1000 τοῦ
371 928 620 1021 ὁμολογήσαντα
632 926 675 1015 μὴ
687 926 881 996 ἀποδώσειν.
915 925 1026 1013 λαῃῦν
1039 930 1075 995 δέ
1085 925 1174 1011 παρά
1185 929 1245 1012 μὲν

302 1039 362 1099 τοῦ
374 1035 540 1115 διαιτητοῦ
551 1026 696 1097 ἀνείλετο
707 1026 744 1094 τό
756 1041 987 1112 γραμματεῖον,
999 1024 1246 1108 προύκαλέσατο

303 1126 333 1195 δ’
348 1124 632 1221 αῦτόνιέπιτρέψαι
643 1129 842 1213 Λυσιθείδῃ,
854 1123 957 1192 αὐτοῦ
969 1125 1030 1211 μέν
1040 1122 1248 1211 καλΊσοκρά-

301 1253 380 1304 τους
399 1223 634 1311 κάλ’Λφαρέως
655 1225 788 1311 ἑταίρῳ,
810 1229 964 1311 γνωρίμῳ
985 1223 1021 1292 δὲ
1037 1229 1098 1291 τοῦ
1114 1222 1247 1308 πατρός.

257 1351 292 1403 15
303 1327 537 1409 ἐπιτρέψαντος
555 1323 592 1391 δὲ
601 1329 662 1390 τοῦ
673 1319 813 1408 πατρὸς,
835 1318 876 1388 δν
886 1322 947 1406 μὲν
959 1320 1082 1405 χρόνον
1092 1325 1144 1406 ἔζη
1155 1316 1173 1387 ὁ
1184 1343 1249 1386 πα-

302 1423 380 1510 τὴρ,
392 1420 494 1508 ὅμως,
505 1432 623 1505 καίπερ
635 1427 759 1498 οἰκείως
771 1426 854 1504 ἔχων
863 1419 1007 1505 τούτοις,
1019 1417 1038 1485 δ
1050 1421 1250 1504 Λυσιθείδης

304 1521 366 1590 οῦκ
378 1518 498 1606 ἐτόλμα
509 1516 608 1587 οῦδὲν
620 1525 666 1596 είς
674 1515 761 1604 ἡμᾶς
771 1518 1014 1604 ἐξαμαρτάνειν.
1047 1524 1151 1586 καίτοι
1161 1514 1249 1584 οὕτω

304 1618 390 1696 τινὲς
406 1617 618 1703 ἀναίσχυντοί
627 1622 689 1683 εἰσι
705 1624 773 1683 τῶν
790 1623 920 1685 οἰκείων
934 1624 1002 1684 νῦν
1017 1618 1148 1684 τουτονὶ
1166 1615 1250 1684 ὥστε

307 1715 489 1802 ἐτόλμησαν
505 1722 717 1802 μαρτυρῆσαι
728 1713 771 1794 ὦς
788 1712 878 1802 ὁμὲν
888 1717 1078 1794 Κάλλιππος
1089 1713 1250 1803 όρκοντῷ

306 1817 405 1898 πατρί
416 1819 497 1900 δοίη,
510 1811 528 1881 ὁ
540 1815 576 1882 δὲ
586 1811 693 1900 πατὴρ
703 1811 764 1882 οὐκ
776 1818 885 1882 ἐθέλοι
895 1812 1014 1900 ὀμόσαι
1022 1812 1111 1896 παρά
1121 1821 1168 1902 τῷ
1176 1821 1249 1882 Λυ-

306 1917 451 1998 σιθείδῃ,
470 1914 525 1978 καί
538 1921 663 1979 οίονται
673 1909 892 1999 ῦμῦςπείσειν
903 1910 947 1991 ὡς
958 1911 976 1981 ὁ
987 1917 1188 1997 Λυσιθείδης
1199 1917 1248 1979 ολ-

305 2025 393 2088 κεϊος
408 2010 468 2095 μὲν
486 2005 535 2076 ἀν
550 2018 598 2098 τῷ
612 2017 810 2102 Καλλίστιον,
832 2016 967 2080 διαιτῶν
984 2012 1018 2080 δὲ
1038 2010 1100 2098 τὴν
1121 2015 1248 2079 δίαιταν

306 2106 452 2194 ἀπέσχετ’
471 2104 513 2176 ἀν
531 2137 575 2196 μη
595 2106 657 2177 οῦκ
674 2108 850 2189 εύθῦςτου
837 2109 1247 2225 πατρόςκατοιδιοιιτῆσαι,

306 2204 411 2274 αὐτοῦ
427 2233 464 2291 γε
482 2208 586 2326 ἑαυτῷ
599 2232 642 2290 μη
631 2205 829 2288 ἐθέλοντος
847 2214 1004 2276 δικαστοῦ
1020 2213 1179 2293 γενεσθαι
1188 2232 1249 2274 του

264 2330 297 2384 16
307 2304 437 2387 πατρός.
472 2331 515 2382 ως
530 2308 565 2372 δὲ
575 2303 685 2389 ἐγά
651 2303 833 2391 μενάληθη
843 2310 944 2391 λέγω,
955 2297 1094 2372 οὗτοιδὲ
1103 2306 1250 2419 ψεύδον-

306 2430 376 2487 ται,
399 2408 531 2521 πρῶτογ
542 2400 654 2487 μέν’
613 2402 693 2468 αυτδ
688 2399 784 2486 ῦμιν
794 2410 891 2468 τοῦτο
903 2404 1052 2484 γενέσθω
1062 2399 1249 2524 τεκμήριον,

306 2500 359 2569 ότι
375 2500 573 2585 κατεγνώκει
589 2499 632 2566 ἀν
649 2496 754 2566 αὐτοῦ
770 2525 788 2566 ο
776 2497 1022 2584 Ἀυσιθείδης,
1044 2496 1135 2566 κάλ’
1115 2524 1166 2566 οτι
1186 2497 1250 2582 ε’γοδ

306 2599 441 2683 ἐξούλης
461 2593 505 2663 ἀν
529 2602 671 2681 ἔφευγον
688 2603 754 2664 νῦν
760 2647 770 2681 ,
793 2594 865 2664 ἀλλ’
884 2595 946 2664 οῦκ
963 2594 1124 2682 ἀργυρίου
1140 2601 1249 2683 δίκην·

306 2695 389 2781 πρδς
407 2694 443 2762 δὲ
459 2695 565 2783 τούτῳ
583 2695 646 2779 ἐγὼ
662 2691 744 2780 ύμῖν
760 2694 839 2773 τοῦς
855 2694 1021 2782 παρόντας
1037 2695 1188 2763 ἑκάστοτε
1204 2703 1251 2784 τῷ
1318 2737 1321 2742 -

306 2795 404 2879 πατρὶ
420 2797 455 2860 ἐν
472 2807 542 2872 ταῖς
559 2792 712 2872 συνόδοις
728 2807 798 2873 ταῖς
808 2793 1036 2883 πρδςτοῦτον,
1058 2790 1191 2881 αἳπαρά
1204 2801 1250 2881 τῷ

306 2895 490 2978 Λυσιθείδῃ
502 2894 687 2976 ἐγίγνοντο,
699 2893 867 2977 μάρτυρας
877 2898 1065 2979 παρέξομαι.

290 2998 293 3002 ’
577 3041 580 3047 -
650 2998 902 3061 ΜΑΡΤΤΡΕΣ.

263 3116 297 3171 17
384 3087 455 3155 “On
468 3087 532 3173 μὲν
542 3086 583 3154 οῦ
593 3087 880 3174 προκαλεσάμενος
891 3097 937 3169 είς
948 3089 1051 3175 ὅρκον
1060 3085 1119 3156 τόν
1131 3091 1253 3171 πατέρα

307 3187 381 3255 τότε
397 3189 474 3254 νυνὶ
490 3190 618 3254 ἐκείνου
638 3189 903 3275 τετελευτηκότος
923 3187 1177 3273 καταψεύδεται,
1198 3189 1253 3255 καὶ

306 3283 380 3352 κατ’
401 3286 483 3369 ἐμοῦ
500 3287 619 3373 ῥᾳδίως
635 3283 674 3352 τά
692 3292 797 3373 ψευδῆ
807 3293 1055 3374 μαρτυροῦντας
1065 3284 1143 3365 τοῦς
1153 3292 1328 3360 elmi-1241

308 3409 367 3461 ους
377 3383 455 3462 τοῦς
466 3386 586 3452 ἑαυτοῦ
597 3389 776 3471 παρέχεται,
788 3391 824 3453 ἐκ
834 3413 870 3453 τε
880 3391 949 3452 νῦν
958 3390 1141 3470 τεκμηρίων
1152 3386 1206 3452 καί
1217 3389 1253 3451 ἐκ

307 3492 365 3570 τῆς
383 3490 562 3571 μαρτυρίας
572 3485 691 3570 ταύτης
702 3484 819 3571 ῥηίδιον
831 3481 911 3570 ὑμῖν
922 3484 1050 3551 εἰδέναι.
1081 3481 1178 3573 ότιδὲ
1189 3476 1251 3566 ε’γά

308 3579 391 3664 ὑπὲρ
403 3589 464 3648 τοῦ
475 3580 852 3671 πατρῦςηθέλησααύτῷ
870 3588 979 3652 πίστιν
1004 3584 1124 3649 δοῦναι
1146 3579 1252 3664 ἥνπερ

309 3677 446 3766 ὀνόμος
457 3681 599 3766 κελεύει,
620 3681 679 3748 ἐάν
689 3707 736 3768 τις
747 3687 905 3747 τεθνεῶτι
914 3684 1076 3748 ἐπικαλῶν
1087 3675 1252 3766 δικάζηται
