3159 4409
547 435 1007 528 Περπκωακκειια.
1210 463 1256 527 4ο

271 632 273 634 ’
298 627 485 716 Ἀρχιδίκην
507 626 674 695 ἐκδιδόασι
690 624 895 713 Λεωστράτῳ
914 621 1118 714 Ἐλευσινίῳ,
1140 623 1255 694 αὐτῶν

302 728 339 797 δὲ
355 736 458 814 τριῶν
476 725 584 794 ὄντων
602 723 883 811 δμὲυἌρχιπιιος
898 732 1107 811 τριηραρχῶν
1123 725 1253 793 ἐτελεύ-

300 826 534 913 τησετόνβίον
545 822 786 911 ένΜηθάμνη,
804 821 822 890 ὁ
841 822 878 892 δὲ
888 827 1094 910 Μειδυλίδης
1111 822 1153 892 οὐ
1170 833 1255 907 πσλ-

302 933 350 1015 λῳ
365 925 475 1013 χρόνῳ
492 938 591 1009 γαμεῖ
605 921 750 1007 ὕστερον
759 922 987 1008 Μνησιμάχην
997 929 1175 990 Λυσίππου
1190 931 1253 990 τοῦ

257 1039 294 1092 10
302 1025 457 1109 Κριωέως
467 1023 647 1108 θυγατέρα,
658 1024 715 1088 καί
724 1027 871 1106 γίγνεται
880 1019 971 1110 αὐτῷ
982 1021 1135 1108 θυγάτηρ
1148 1020 1253 1107 ὄνομα

302 1121 518 1207 Κλειτομάχη,
529 1119 573 1207 ἣν
588 1120 759 1207 ἐβουλήθη
770 1123 831 1205 μὲν
839 1123 963 1199 ἐκεῖνος
971 1120 1088 1209 ἀγάμῳ
1097 1129 1144 1211 τῳ
1154 1119 1253 1189 άδελ-

303 1228 359 1309 φῳ”
379 1218 451 1287 ὄντι
471 1226 516 1309 τῷ
535 1220 656 1287 ἑαυτοῦ
674 1221 847 1286 ἐκδοῦναι·
876 1219 987 1305 ἐπειδή
1005 1219 1068 1288 δ’ὁ
1085 1219 1253 1308 Ἀρχιάδης

303 1316 366 1388 οὐκ
383 1323 446 1404 ἔφη
467 1326 700 1403 προαιρεῖσθαι
717 1331 851 1404 γαμεῖν,
874 1316 958 1392 άλλά
975 1322 1031 1386 καὶ
1052 1318 1114 1405 τήν
1136 1317 1254 1386 οὐσίαν

302 1417 466 1503 άνέμητου
483 1416 537 1483 διά
549 1425 657 1483 ταῦτα
675 1417 894 1503 συγχωρήσας
912 1408 1002 1485 εἶναι
1012 1417 1091 1506 η’ίκει
1100 1417 1175 1486 καθ’
1190 1416 1254 1485 αὖ·

301 1515 362 1584 τὸν
373 1519 409 1584 έν
419 1523 460 1603 τή
470 1524 652 1600 Σαλαμῖνι,
664 1513 771 1594 οὕτως
781 1513 846 1601 ήδη
859 1515 876 1582 ὁ
888 1519 1092 1603 Μειδυλίδης
1101 1520 1254 1588 ἐκδίδωσι

300 1615 363 1700 τήν
375 1611 481 1680 αὑτοῦ
492 1616 661 1697 θυγατέρα
670 1609 884 1697 Ἀριστοτέλει
894 1621 1065 1700 Παλληνεῖ
1073 1624 1120 1704 τῷ
1130 1616 1253 1704 πάππῳ
1266 1644 1269 1647 ·
1339 1646 1341 1649 ’

299 1723 349 1803 τῳ
363 1718 438 1801 ἐμῷ.
471 1714 526 1778 καὶ
540 1717 709 1796 γίγνονται
726 1713 758 1790 ἐξ
771 1709 878 1780 αὐτοῦ
893 1718 1084 1801 υίεῖςτρεῖς,
1103 1711 1254 1796 Ἀριστό-

301 1813 408 1898 δημός
417 1837 453 1878 τε
463 1808 577 1878 οὑτοσὶ
588 1807 605 1878 ὁ
617 1808 753 1896 πατήρὸ
768 1809 847 1895 έμδς
862 1813 916 1880 καί
925 1809 1121 1898 Ἁβρώνιχος
1131 1809 1148 1880 δ
1159 1822 1253 1891 θεῖος

257 1931 290 1984 11
301 1912 357 1980 καί
367 1912 582 1994 Μειδυλίδης,
598 1905 635 1987 ὃς
646 1917 712 1976 νῦν
724 1909 964 1996 τετελευτηκώς
974 1910 1137 1997 τυγχάνει.
1166 1905 1252 1996 καλή
1326 1923 1328 1925 ’

302 2009 435 2096 μὲντοῦ
455 2009 573 2093 γένους
595 2004 759 2094 άγχιστεία
779 2018 842 2076 τοῦ
863 2007 1033 2097 ἡμετέρου,
1056 2015 1092 2079 ἐν
1113 2003 1142 2100 ᾧ
1163 2016 1253 2079 ἐστιν

303 2105 464 2193 δκλήρος,
477 2105 595 2192 σχεδὸν
607 2106 713 2187 οὕτως
727 2113 802 2194 ἔχει,
822 2101 979 2195 άάνδρες
989 2115 1146 2177 δικασταί.
1177 2106 1253 2192 Ἀρ-

303 2207 400 2296 χιάδη
416 2207 480 2293 γάρ
498 2204 582 2292 πρὸς
597 2204 734 2292 άνδροδν
749 2205 844 2293 ἡμεῖς
859 2201 946 2293 ήμεν
967 2212 1055 2293 γένει
1072 2206 1252 2325 ἐγγυτάτω,

303 2302 452 2373 καὶκατὰ
465 2302 656 2373 τοῦτοντδν
670 2304 795 2430 νόμον
797 2303 967 2384 άξιοῦντες
982 2314 1039 2390 τῆς
1051 2300 1233 2372 ἐκείνου’
1192 2330 1253 2371 ου-

303 2410 376 2482 σίας
392 2411 611 2488 κληρονομεῖν
629 2403 682 2468 καὶ
699 2401 736 2469 τδ
755 2403 850 2485 γένος
867 2429 912 2487 μη
901 2402 1254 2486 περιιδεῖνέξερημω-

302 2501 383 2581 θεν,
406 2501 565 2586 ἐλάχομεν
583 2500 668 2582 πρὸς
681 2497 741 2566 τὸν
759 2497 903 2584 άρχοντα
919 2523 980 2565 του
967 2497 1129 2583 κλήρου
1163 2487 1255 2563 οὗτοι

257 2599 334 2668 δ’
349 2606 476 2686 ἔχοντες
494 2626 535 2669 ου
525 2594 738 2676 ’δικαίως
702 2625 743 2664 τα
761 2597 914 2683 χρήματα
931 2594 1253 2717 διαμεμαρτυρήκασι
1262 2616 1332 2671 1084

304 2698 486 2784 νυνί,τό
452 2725 513 2785 μεν
526 2698 608 2767 ὅλον
619 2697 860 2784 ἰσχυριζόμενοι
872 2695 1010 2784 ποιήσει,
1022 2695 1206 2783 φάσκοντες
1217 2695 1253 2763 δὲ

260 2801 359 2873 mat
376 2813 545 2883 συγγενεῖς
561 2796 656 2865 εἶναι.
690 2799 765 2890 περὶ
782 2797 845 2882 μὲν
863 2788 926 2864 οὖν
941 2796 1062 2882 ταύτης
1078 2803 1136 2881 τῆς
1156 2792 1253 2878 ποιή-
1282 2878 1285 2887 1

304 2919 396 2983 σεως,
409 2896 450 2964 δν
460 2897 586 2978 τρόπον
597 2902 671 2982 ἔχει,
683 2901 798 2980 σαφῶς
809 2893 897 2981 ὑμᾶς
908 2895 1050 2988 ὕστερον
1061 2893 1251 2977 διδάξομεν·

301 3001 378 3083 περὶ
392 2999 427 3064 δὲ
437 3003 498 3063 τοῦ
508 3000 636 3081 γένους,
650 2992 693 3074 ὡς
704 2993 766 3063 οὐκ
778 2997 862 3063 είσὶυ
871 2993 966 3082 ήμῶν
977 2997 1157 3079 ἐγγυτέρω,
1172 2997 1252 3059 τοῦ·
1356 3078 1359 3082 Α

302 3122 340 3163 το
353 3100 405 3163 δεῖ
413 3104 534 3181 μαθεῖν
546 3093 639 3181 ὑμᾶς.
674 3098 711 3162 ἓν
727 3094 789 3180 μὲν
799 3088 865 3161 σάν
879 3092 1103 3180 ὁμολογεῖται,
1120 3087 1157 3156 τὸ
1169 3113 1252 3172 κρα-

305 3208 373 3263 τεῖν
389 3202 458 3262 των
474 3201 705 3280 κληρονομιῶν
726 3192 806 3271 τοὺς
822 3191 964 3276 άρρενας
974 3190 1030 3257 καί
1044 3186 1122 3265 τοὺς
1132 3191 1168 3254 ἐκ
1185 3193 1253 3254 τοῖν

305 3292 473 3381 άρρένων·
506 3291 619 3370 άπλως
640 3289 705 3378 γάρ
727 3307 794 3370 τοῖς
814 3289 982 3376 ἐγγυτάτω
1003 3282 1085 3369 πρὸς
1106 3282 1253 3370 άνδρων,

305 3391 388 3462 ὅταν
398 3420 443 3480 μη
433 3384 607 3470 Χ’ἴτταῖδες
579 3411 679 3476 ωσιν,
697 3389 829 3476 ὁυόμος
839 3390 896 3467 τὰς
907 3390 1134 3504 κληρονομίας
1136 3382 1256 3452 άποδί-

306 3498 419 3561 δωσιν
444 3483 579 3558 οὗτοιδ
593 3485 808 3576 έσμὲνήμεῖς
830 3481 1054 3569 άπαιςμδν
1016 3507 1080 3570 γαρ
1097 3478 1257 3565 δἈρχιά-

270 3603 272 3608 ’
306 3597 365 3678 δης
387 3587 593 3675 ὁμολογεῖται
609 3587 888 3672 τετελευτηκέναι,
911 3582 1017 3672 τούτῳ
1035 3581 1071 3650 δε
1094 3577 1178 3666 πρὸς
1193 3575 1256 3644 άν-

262 3711 298 3765 13
307 3686 425 3779 δρων
409 3702 501 3774 ημεις
511 3691 610 3774 ἐσμεν
621 3686 800 3773 έγγυτατω
828 3708 910 3770 προς
921 3680 957 3751 δὲ
966 3684 1022 3750 καὶ
1032 3685 1069 3750 έκ
1085 3700 1257 3828 γυναικων

349 3784 485 3840 Demosth
521 3784 579 3836 Vol.
594 3783 644 3835 111.
