3159 4409
409 529 410 532 κ
465 437 767 570 Πεοοιιιικ
798 491 991 550 κιο-ειν.
1143 437 1206 554 αεὶ

259 655 320 716 λον
341 646 404 733 γάρ
426 646 470 716 ἀν
489 645 663 736 ἡγησάμην
684 647 743 715 ἕνα
757 644 829 715 ἀντ’
849 647 991 733 ἐμαυτόν
1014 645 1147 734 ἀγνοεῖν
1166 650 1206 718 τά

259 747 417 831 κράτιστα
432 743 455 833 η’
472 747 599 825 πάντας
615 743 710 832 ὑμᾶς.
743 743 855 840 ἐπειδὴ
873 747 909 812 δὲ
926 741 996 829 ὑρῦ
1004 743 1096 825 τινάς
1110 744 1207 832 ὑμῶν

259 843 363 912 ταῦτά
374 844 435 930 μὲν
446 842 689 930 γιγνώσκοντας
700 845 781 929 ἐμοὶ,
794 840 950 911 τάναντία
961 842 993 911 δ’
1006 842 1127 929 ἀλλοις,
1134 868 1207 912 πει-

261 941 403 1029 ράσομαι
413 940 493 1028 μετὰ
504 941 631 1010 τούτων
641 942 719 1021 τούς
732 943 863 1029 ἑτέρους
878 956 997 1010 πεῖσαι.
1030 949 1061 1011 εί
1070 943 1131 1029 μὲν
1142 936 1207 1011 οὑν

259 1039 416 1128 οίήσεσθε
432 1043 503 1107 δεῖν
515 1039 561 1126 μὴ
573 1043 704 1110 ἐθέλειν
715 1038 868 1128 ἀκούειν,
890 1039 953 1110 οῦκ
966 1039 1088 1163 ὀρθῶς
1107 1042 1207 1129 ποιή-

260 1158 348 1206 σετε·
377 1134 469 1207 ἀνδ’
488 1136 651 1224 ἀκούσητε
674 1148 780 1226 σιωπῇ
804 1142 860 1207 καὶ
881 1137 974 1208 τοῦθ’
998 1137 1206 1259 ὑπομείνητε,

261 1240 358 1305 δυοῖν
367 1232 512 1321 αγαθοιν
521 1235 667 1323 θατερον
677 1233 755 1323 υμῖν
771 1234 968 1324 ὑπάρξει·
945 1266 966 1325 η
983 1264 1047 1325 γαρ
1065 1238 1208 1324 πεισθή

260 1333 406 1421 σεοθε,”
384 1362 427 1402 αν
437 1360 469 1403 τι
484 1337 636 1421 δοκῶμεν
646 1338 755 1420 λέγειν
766 1337 949 1458 συμφόρου,
960 1363 981 1422 η
968 1321 1276 1423 ”βεβαιότερον

261 1426 377 1522 περὶ
349 1461 397 1501 οιυ
408 1433 572 1520 ἐγνώκατε
582 1437 700 1500 ἔσεσθε
711 1437 929 1520 πεπεισμένοι.
966 1462 1010 1502 αν
1019 1458 1101 1521 γαρ,
1117 1430 1167 1514 οἷς
1177 1460 1207 1502 τι
1217 1462 1284 1516 1452

261 1533 497 1619 διαμαρτάνειν
524 1528 648 1617 οἰόμεθ’
676 1528 769 1649 ἡμεῖς
786 1527 896 1619 ὑμᾶς,
931 1540 1034 1600 ταντα
1066 1530 1208 1619 μηδενός

260 1628 335 1709 ἀξια
346 1639 447 1717 φανῇ,
459 1655 518 1716 μετ
515 1627 668 1714 ’ἐλέγχον
677 1655 717 1696 τα
707 1626 961 1716 δεδογμένα
920 1658 984 1699 νυν
997 1627 1089 1756 ὑμεῖς
1099 1627 1206 1699 ἔσεσθ’

259 1725 426 1816 ηρημένοι.

692 1836 770 1897 ΜΕ.
873 1838 875 1841 ’

342 1932 532 2012 Βουλοίμην
542 1922 601 2012 ἀν,
621 1917 779 2014 ἀάνδρες
792 1923 979 2011 Ἀθηναῖοι,
1001 1928 1076 2010 περὶ
1088 1918 1207 2013 ω’νηά-
1225 1938 1244 1972 '-

259 2029 415 2111 δοκίμηκε
435 2029 541 2109 λέγων
561 2021 635 2109 παρ’
659 2020 780 2115 ὑμῖνιὸ
804 2028 913 2112 δεῖνα,
935 2028 989 2094 ἐπὶ
1008 2033 1077 2094 τῦν
1097 2030 1206 2110 ἔργων

258 2126 491 2210 πραττομένων
507 2134 581 2192 ἴσον
596 2122 687 2214 αὐτῷ
702 2123 762 2192 τὸν
779 2130 918 2192 ἔπαινον
933 2128 1106 2209 γενέσθαι·
1129 2122 1206 2192 οὕτε

257 2223 439 2310 γάρτοῦτο)
456 2222 621 2301 κακόνους
639 2224 703 2306 είμδ
720 2221 765 2308 μά
776 2220 855 2299 τοὺς
865 2222 968 2300 θεοὺς
984 2221 1065 2309 ὑμῖν
1076 2249 1111 2289 τε
1123 2221 1206 2308 ἀγα-

258 2319 325 2387 θὸν
340 2320 502 2407 βούλομαι
518 2322 684 2404 γενέσθαι.
716 2317 784 2386 ἀλλ’
796 2316 911 2404 όράτε,
934 2312 961 2386 ἀ
979 2318 1206 2405 άνδρεςἈθη-

260 2431 363 2501 ναῖοι,
374 2414 418 2502 μὴ
430 2407 704 2501 κεχωρισμένονῇ
720 2415 824 2500 λόγον
835 2421 938 2482 εἰπεῖν
955 2407 995 2482 εὑ
1005 2418 1060 2483 καὶ
1070 2419 1211 2501 προελέ-’

218 2535 221 2540 ’
260 2525 340 2583 σθαι
352 2514 529 2601 πράγματα
541 2516 770 2599 συμφέροντα,
792 2515 847 2582 καὶ
867 2510 904 2580 τό
923 2513 985 2599 μὲν
1002 2513 1141 2601 ῥήτορος
1151 2521 1207 2598 ἐρ-

258 2637 320 2699 γον
331 2606 362 2700 ᾖ,
374 2611 411 2681 τὸ
424 2613 459 2680 δὲ
469 2620 555 2680 νοῦν
570 2618 701 2698 ἔχοντος
717 2609 912 2698 ἀνθρώπου.
925 2611 1026 2700 ὑμεῖς
1042 2621 1159 2683 τοίνυν
1174 2617 1209 2681 οῖ

259 2716 390 2799 πολλοὶ,
413 2713 467 2780 καὶ
478 2709 612 2798 μάλισθ’
631 2715 665 2780 οἱ
682 2712 919 2800 πρεσβύτατοι,
941 2716 1049 2799 λέγειν
1066 2713 1127 2801 μὲν
1143 2710 1206 2781 οῦκ

260 2810 403 2896 ὀφείλετε
419 2808 539 2897 ὁμοίως
556 2809 724 2879 δύνασθαι
738 2825 806 2890 τοῖς
825 2811 1037 2891 δεινοτάτοις·
1059 2820 1127 2880 τῦν
1139 2810 1204 2897 γάρ

260 2913 457 2994 εἰθισμένων
476 2918 574 2978 τοῦτο
591 2910 628 2976 τὰ
646 2917 793 2996 πρᾶγμα·
816 2918 902 2978 νοῦν
919 2909 950 2978 δ’
963 2915 1048 2997 ἔχειν
1058 2907 1205 2996 ὀφείλετε

255 3002 379 3093 ’ὁμοίως
396 3010 450 3075 καὶ
467 3016 595 3094 μᾶλλον
609 3008 754 3075 τούτων·
788 3013 824 3076 αί
839 3010 904 3096 γάρ
922 3012 1084 3095 ἐμπειρίαι
1100 3005 1202 3076 καίτὺ

258 3105 365 3173 πολλὰ
377 3107 547 3187 ἑορακέναι
560 3102 645 3174 τοῦτ’
658 3109 860 3193 ἐμποιοῦσιν.
893 3103 937 3192 μὴ
949 3111 1080 3191 τοίνυν,
1099 3098 1126 3172 ἀ
1143 3103 1205 3174 άν-
1277 3144 1281 3149 ·

259 3211 334 3293 δρες
340 3202 526 3291 Ἀθηναῖοι,
538 3212 664 3292 φανῆτε
675 3203 875 3291 ἀγνοοῦντες
885 3209 922 3272 ἐν
932 3213 980 3293 τῷ
990 3203 1131 3288 παρόντι
1139 3211 1205 3273 νῦν

259 3304 311 3372 ότι
322 3309 358 3372 αί
367 3303 422 3371 διά
434 3311 502 3371 νῦν
512 3297 623 3390 λόγων
633 3302 781 3391 ἀνδρεῖαι
791 3305 846 3372 καί
856 3302 1079 3389 θρασύτητες,
1090 3304 1148 3372 ε’διν
1158 3301 1202 3392 μὴ

258 3401 331 3490 μεθ’
345 3401 557 3489 ὑπαρχούσης
569 3395 628 3471 ἀοι
640 3410 850 3489 παρασκευῆς
861 3406 915 3472 καί
926 3404 1053 3492 όιόμης,
1064 3401 1204 3473 ἀκοῦσαι

257 3504 319 3586 μέν
330 3509 412 3570 εἰσιν
422 3498 538 3588 ἡδεῖαι,
557 3502 713 3587 πράττειν
724 3501 756 3570 δ’
768 3504 979 3570 ἐπικίνδυνοι.
1012 3498 1129 3571 αὐτίκα
1138 3501 1203 3587 γάρ

257 3597 294 3665 τό
307 3596 351 3684 μὴ
369 3603 553 3684 ἐπιτρέπειν
567 3617 636 3681 τοῖς
652 3601 843 3686 ἀδικοῦσιν,
864 3599 963 3685 ὁρᾶτε
982 3599 1028 3681 ἀς
1043 3601 1149 3670 καλὸν
1164 3597 1202 3666 τὸ

252 3698 353 3784 ῥῆμα
378 3696 582 3786 αποβῖέψατε
594 3702 634 3786 δη
647 3723 780 3787 πρωτον
790 3724 874 3787 προς
884 3727 921 3768 το
911 3698 1031 3852 ἐργιὲη
1036 3698 1132 3826 *αντε
1155 3700 1207 3765 δεῖ
