3159 4409
400 473 403 477 ’
472 489 616 555 ΚΑΤΑ
639 474 1079 558 οΛύιιιιιοΔαεον.
1182 494 1247 561 1³1

301 661 352 722 λιι
361 659 430 719 τῶν
444 655 582 720 δικαίαν
592 648 666 718 οὐδ’
676 647 791 720 ὁτιοῦν
802 667 919 739 ποιεῖν,
930 635 1059 737 τόότοις
1068 656 1130 745 ἤδη
1142 676 1249 743 προσ-

302 754 390 839 έχετε
401 750 462 820 τόν
472 760 568 837 νοῦν,
582 744 739 838 ῶάνδρες
750 755 916 838 δικασταί,
932 757 988 821 ίνα
1004 753 1048 841 μὴ
1060 753 1162 825 αὐτίκ’
1174 757 1248 836 ἐξα-

301 850 492 935 πατήσωσιν
502 846 633 936 ἀμάςοί
642 848 786 938 ῥήτορες,
795 847 854 930 οὓς
864 849 977 920 οὑτοσὶ
987 853 1249 941 παρεσκεύασται

302 946 350 1016 ἐπ’
361 952 425 1036 ἐμέ.
456 957 543 1034 λέγει
553 948 615 1034 μὲν
633 939 730 1027 οὗτος
741 945 900 1017 οὐδέκοτε
911 948 1030 1036 ταάτά,
1053 949 1194 1019 ἀλλ’ὅτι
1205 947 1248 1018 ἀν

302 1047 384 1137 τόχη
401 1046 466 1132 ἀεί,
488 1050 544 1116 καί
561 1048 698 1131 περιιών
714 1052 899 1133 προφάσεις
916 1045 1059 1128 ἀτόπους
1079 1046 1173 1128 τινάς
1194 1052 1249 1118 καὶ

302 1143 461 1227 ὑπονοίας
482 1149 537 1216 καὶ
559 1153 663 1226 αἰτίας
688 1151 823 1228 ψευδεῖς
843 1152 1005 1235 ἐπιφέρει,
1033 1151 1088 1217 καί
1116 1148 1192 1232 περὶ
1211 1137 1248 1216 τό

256 1265 294 1322 37
303 1243 420 1331 πρᾶγμ’
434 1245 515 1315 ὅλον
529 1243 644 1327 ἀδικός
663 1248 753 1314 ἐστιν
768 1245 956 1330 ἄνθρωπος.
982 1246 1131 1316 Ιπλεῖστοι
1142 1245 1175 1315 δ’
1187 1244 1250 1313 αά-
1341 1273 1343 1285 ¹

303 1353 364 1412 τοῶ
384 1342 546 1431 ἀκηκόασι
565 1348 729 1430 λέγοντος,
752 1349 787 1414 οἰ
805 1346 867 1432 μὲν
889 1345 940 1414 ότι
956 1345 993 1414 τό
1013 1346 1171 1432 παράπαν
1187 1343 1250 1414 οόιι

304 1450 399 1531 ἔλαβε
410 1443 447 1515 τὰ
460 1442 622 1529 ἀργύριον
632 1442 722 1528 παρά
732 1441 948 1528 τάνθρώπου.
969 1444 1105 1514 ἐπειδὰν
1116 1447 1151 1514 δέ
1161 1442 1251 1512 τοῦτ’

304 1545 521 1629 ἐξελέγχηται,
542 1540 644 1610 πόλιν
658 1544 746 1627 λέγει
762 1541 814 1611 ὅτι
826 1543 915 1634 παρὰ
926 1552 988 1638 τοῶ
999 1542 1104 1613 αὑτοῦ
1114 1543 1253 1628 ἀνθρῶ-

304 1667 371 1709 που
382 1639 492 1727 ἔχειτὰ
505 1638 684 1727 ἀργόριον,
701 1643 755 1709 καὶ
772 1639 814 1709 οά
830 1642 1011 1728 μεταδῶσει
1022 1645 1092 1729 ἐμοὶ
1102 1641 1179 1711 οὔτε
1188 1651 1253 1710 τοῦ

305 1739 470 1825 ἀργυρίου
486 1737 563 1807 οὕτε
582 1746 652 1807 τῶν
672 1737 784 1808 ἀλλων
799 1737 938 1821 οὐδενός
955 1734 1004 1809 ῶν
1018 1744 1169 1810 κατέλιπε
1179 1741 1251 1808 Κό-

257 1858 384 1915 sevam).
416 1836 549 1906 ἐπειδάν
566 1841 603 1904 δέ
617 1863 665 1917 τις
681 1835 786 1906 αὐτόν
802 1847 870 1908 τῶν
885 1843 1078 1927 ἐπιτηδείων
1092 1847 1160 1907 τῶν
1170 1839 1251 1907 τοό-

303 1962 364 2006 του
381 1937 514 2004 καὶτῶν
524 1941 612 2023 ἐμῶν
628 1939 735 2026 ἐρωτᾷ
752 1936 807 2005 διά
824 1946 858 2007 τί
865 1938 927 2008 οάκ
938 1936 1106 2008 ἀποδόσει
1116 1935 1250 2025 ὀμωμο-

303 2035 371 2116 κῶς
389 2036 612 2124 ἰσομοιρήσειν
626 2039 765 2106 καὶτῶν
782 2046 966 2127 συνθηκῶν
981 2044 1029 2108 ἔτι
1045 2040 1122 2108 νυνί
1140 2039 1250 2124 κειμέ-

304 2141 390 2223 νων,
409 2144 492 2225 φησί
505 2163 545 2224 με
562 2140 827 2225 παραβεβηκέναι
838 2137 896 2219 τάς
908 2139 1081 2226 συνθήκας
1092 2139 1146 2204 καί
1158 2134 1249 2203 δεινά

305 2237 509 2303 πεπονθέναι
530 2232 583 2302 ὑπ’
601 2238 698 2322 ἐμοῦ,
720 2239 775 2305 καὶ
797 2239 978 2305 διατελέσαι
998 2239 1041 2322 μέ
1052 2250 1155 2322 φησιν
1168 2231 1250 2302 ὑπε-

304 2344 422 2403 ναντία
440 2338 495 2404 καί
511 2337 649 2421 λέγοντα
663 2336 719 2403 καί
736 2334 924 2420 πράττοντα
940 2336 1055 2423 ἑαυτῷ.
1089 2335 1145 2400 καί
1157 2329 1178 2398 ἀ
1189 2331 1250 2417 μὲν

258 2451 296 2508 39
305 2438 554 2520 προφασιζεται,
563 2431 655 2500 ταῦτ’
666 2438 764 2500 ἔστιν.
793 2430 885 2518 ἀμὲν
896 2425 976 2515 οὖν,
989 2425 1145 2515 ῶάυδρες
1157 2434 1251 2497 δικα-
1262 2445 1329 2502 1178

305 2536 394 2620 σταί,
414 2527 511 2612 οὗτος
527 2535 630 2619 λέγει,
654 2528 811 2600 ὑπόνοιαι
829 2536 971 2599 πλασταί
979 2535 1040 2597 εἰσι
1051 2530 1105 2606 καί
1118 2528 1253 2614 προφά-

284 2673 287 2677 ·
304 2654 373 2713 σεις
388 2632 498 2700 ἀδικοι
515 2636 570 2699 καί
583 2636 738 2718 πονηρίαι
754 2632 807 2699 ἐπὶ
821 2636 869 2719 τῶ
884 2625 1105 2716 ἀποστερῆσαι
1115 2623 1137 2694 ἀ
1148 2647 1253 2711 προσ-

267 2751 270 2763 ·
303 2729 780 2821 ήκειαάτόνάποδοῶναιέμοί.
810 2726 879 2797 ἅδ’
894 2729 957 2813 έγῶ
975 2730 1040 2813 έρῶ
1056 2723 1139 2813 πρὸς
1156 2721 1253 2810 ὑμᾶς,
1313 2795 1320 2811 ρ

275 2873 279 2880 -
306 2831 358 2901 ὅτι
376 2825 473 2912 οὗτος
489 2831 661 2915 ψεύδεται,
683 2837 788 2898 ταῦτα
810 2828 846 2897 δέ
866 2825 1010 2895 ὑπόνοια
1031 2827 1092 2912 μὲν
1115 2822 1253 2910 οὐδεμία

306 2937 413 3017 ἔσται,
428 2937 580 3017 φανερῶς
595 2929 627 2998 δ’
639 2933 787 3010 ἐπιδείξω
799 2927 861 3015 τὴν
873 2926 995 2996 τούτου
1005 2924 1252 3011 ἀναισχυντίαν,

249 3084 252 3094 .
305 3030 463 3117 τεκμήρια
479 3034 586 3116 λέγων
603 3028 748 3117 ἀληθινὰ
766 3031 821 3097 καί
835 3036 915 3095 πᾶσι
926 3027 1086 3113 γνῶριμα,
1100 3025 1154 3092 καί
1168 3021 1254 3108 μόρ-

261 3151 408 3212 ᾼοτυρας
425 3128 647 3215 παρεχόμενος
664 3131 738 3214 περὶ
758 3125 923 3196 ἀπόντων.
947 3133 1080 3207 πρῶτον
1101 3123 1161 3209 μὲν
1179 3115 1253 3203 οὖν,

306 3222 335 3297 οἶ
345 3228 464 3312 ἀνδρες
475 3231 639 3314 δικασταί,
659 3231 743 3314 λέγω
761 3225 812 3294 ότι
829 3218 927 3303 οὗτος
944 3224 998 3290 διὰ
1015 3229 1114 3315 τοῦτο
1125 3236 1193 3302 τοῖς
1204 3228 1255 3290 οἰ-

305 3333 407 3405 κείοις
423 3330 559 3405 καὶτοῖς
575 3330 766 3414 ἐπιτηδείοις
782 3338 850 3404 τοῖς
867 3326 989 3392 ἑαυτοῦ
1006 3322 1061 3388 καί
1077 3335 1144 3402 τοῖς
1155 3325 1254 3410 έμοῐς,

305 3441 375 3506 τοῖς
391 3424 515 3494 εἰδόσιν
533 3425 675 3512 ἀκριβῶς
693 3422 824 3493 ἅπαντα
840 3428 943 3490 ταῦτα
959 3417 998 3486 τά
1017 3418 1193 3507 πράγματα
1211 3420 1255 3501 ῶς

308 3530 375 3612 ἔχει
389 3526 443 3593 καί
460 3525 797 3614 παρηκολουθηκόσιν
813 3525 846 3602 έξ
869 3520 986 3606 ἀρχῆς,
1009 3516 1071 3589 οὐκ
1088 3519 1255 3609 ἠθέλησεν

308 3626 493 3710 ἐπιτρέψαι·
525 3621 669 3712 ἀκριβῶς
691 3621 756 3709 γάρ
775 3618 849 3710 ᾔδει
866 3614 917 3689 ότι
935 3618 1041 3702 εάθάς
1056 3626 1255 3706 παραχρῆμα

310 3719 363 3792 ἀπ’
382 3722 492 3791 αὐτῶν
508 3722 775 3810 ἐξελεγχθήσεται
781 3770 793 3808 ,
814 3720 920 3791 ἐόντι
938 3721 1111 3844 ψεύδηταχ
1134 3719 1211 3787 νυνί
1222 3715 1254 3785 δ’

579 3835 583 3838 ’
1067 3818 1085 3872 9
