3159 4409
314 487 376 554 174
546 492 585 549 LI.
615 436 1030 550 ΔῙῦΜΟΣΘΕΝΟΤΣ

314 649 453 740 ᾠχόμην.
475 641 525 733 ἆρ’
538 646 601 716 οῦκ
612 643 656 715 τ’ἰν
669 645 848 732 ὦργιζεσθέ
857 669 913 730 μοι
922 647 977 713 καὶ
988 641 1123 731 ἡγεῖσθε
1133 641 1177 715 ἂν
1188 644 1264 715 ἀδι-

313 746 383 817 κεῖν
394 773 449 833 τες
462 753 492 816 εί
499 753 616 815 τοίνυν
626 742 669 814 δυ
680 747 750 832 ἐμοὶ
738 744 836 813 ὶτότε
847 742 1035 829 ὠργίζεσθε,
1048 745 1100 813 ὅτι
1110 744 1174 815 οῦν
1185 749 1264 840 ἐττε-Ι

312 845 548 932 τριηράρχησα,
577 851 647 923 πῶς
673 841 745 928 οῦχὶ
771 850 837 910 νῦν
856 843 1015 929 προσήκει
1036 840 1122 929 ὑμᾶς
1141 853 1265 936 τοῦτον

312 949 467 1026 εἰσπρῦξα
469 950 484 1011 ί
447 969 547 1029 αμοι
562 969 600 1010 τα
590 937 816 1028 ἀναλώματα
834 968 855 1007 α
841 937 937 1025 “ἐνῦ
949 939 1034 1025 ὑπὲρ
1045 940 1168 1010 τοῦτον
1178 939 1265 1028 ‘0’ch-

310 1052 418 1124 λωσα,
440 1068 499 1108 τον
510 1067 550 1108 ου
540 1038 842 1126 διαδεξαμενον
807 1066 868 1126 την
878 1066 982 1121 ναυν

267 1151 302 1207 68
386 1137 499 1208 ”Ὀτιδ
511 1138 575 1207 οῦκ
586 1140 710 1226 ἔμολ’
667 1166 758 1229 μονρτ
770 1166 812 1207 ου
802 1137 1032 1219 ’διεδέξατο
997 1165 1060 1258 την
1069 1147 1168 1225 ναῦν,
1179 1137 1265 1209 ἀλλὰ

310 1239 365 1306 καὶ
382 1237 546 1324 πρότερον
557 1236 722 1326 Εὐριπίδῃ
736 1238 995 1324 συντριήραρχος
1008 1231 1057 1304 ῦν
1066 1238 1121 1305 καὶ
1131 1247 1264 1326 συνθη·

310 1344 380 1405 νῦν
391 1334 504 1404 οῦσῦν
515 1334 627 1417 αὐτοῖς
639 1335 717 1417 τοῦς
729 1341 762 1417 ἓξ
772 1345 879 1457 μηνας
888 1332 1047 1424 ’ἑκάτερον
1057 1345 1163 1424 πλεῖν,
1174 1339 1264 1406 ἐπει-

312 1433 351 1519 δη
363 1432 546 1554 Εὐριπίδης
556 1439 726 1516 ἐξέπλευσε
737 1434 821 1504 καλό
832 1435 951 1522 χρόνος
960 1440 1089 1524 ἐξῆκεν,
1101 1463 1144 1504 ον
1133 1433 1263 1507 ’διεδέ-

311 1532 433 1614 ξατο
398 1560 459 1620 την
469 1560 557 1603 ναυν
567 1562 657 1626 αντον
665 1534 915 1622 αναγνοισεται
925 1563 987 1622 την
997 1534 1192 1623 μαρτυρίαν

667 1643 907 1704 ΜΑΡΤῬΡΙΑ.

768 1928 808 1983 LI.

445 2071 564 2142 ΠΕΡΙ
598 2073 697 2141 ΤΟΥ
727 2072 993 2142 ΣΊἘΦΑΝΟΥ
1030 2074 1136 2143 ΤΗΣ
1235 2180 1238 2190 .

466 2171 469 2176 ’
517 2236 530 2289 ,
632 2192 952 2261 νΡιΗΡιΡΧιιΣ.

427 2341 435 2348 ”
680 2298 902 2414 mem.

314 2473 459 2557 Πολλῶν
470 2495 520 2556 καὶ
532 2493 665 2579 μεγαλων
673 2521 854 2582 πραγματων
862 2488 1090 2605 κατεπειγόντων
1097 2485 1165 2567 τοῦς
1174 2485 1265 2575 Ἀθη-

312 2594 413 2660 ναίους
421 2609 546 2688 τριηρεις
553 2594 704 2691 πληρῶσαι
715 2589 812 2652 καὶ
776 2614 828 2667 της
838 2613 914 2651 κατα
901 2581 1076 2649 θαλατταν
1086 2583 1264 2687 ἔπιμεληθη

312 2698 364 2734 ναι
382 2666 548 2772 δυναμειος,
571 2674 715 2771 γράφεται
733 2668 886 2753 ψηφισμα
885 2695 945 2733 των
955 2692 1139 2752 τριηραρχίαν
1149 2691 1201 2730 τον
1211 2668 1266 2771 μὲν

312 2761 428 2839 πρῶτον
443 2758 502 2815 τῶν
519 2749 662 2817 ἄλλων
609 2780 685 2863 τηη
702 2762 778 2818 ναῦν
790 2755 957 2859 παρέχοντα
974 2744 1243 2854 πεπληρωμένην
1214 2774 1266 2814 τον

313 2840 458 2944 στέφανον
469 2834 616 2918 λαβεῖν,
588 2864 640 2942 τοη
651 2834 729 2903 δε
693 2864 735 2920 μη
744 2835 801 2923 πρὸ
812 2844 864 2920 τῆς
875 2840 956 2940 ἔνης
952 2838 1002 2899 καλ
1013 2830 1132 2913 νέας,”
1110 2859 1175 2938 ητις
1185 2835 1264 2898 ἐστὶν

311 2951 332 3006 η
320 2917 490 2985 τελευταία
500 2927 552 2984 τοῦ
551 2917 679 3027 ωςμηνὸς,
689 2915 956 3068 περιορηλσαντα
925 2945 980 3000 την
990 2927 1067 2983 ναῦν
1079 2914 1164 2983 ἐπὶ
1135 2942 1168 2982 το
1180 2925 1263 3001 χῶμα
1271 2907 1329 2967 m!

227 3007 231 3011 ’
314 3010 449 3088 δεθῆναι.
480 3027 513 3067 το
524 3031 607 3087 χωμα
617 2996 679 3071 δε
658 3034 697 3088 ην
709 3004 916 3109 οἰκοδομημα
915 3029 984 3067 ντω
971 3005 1061 3084 λιμ
1060 3030 1090 3067 νι
1099 3008 1263 3109 προβεβλη-

313 3085 1110 3196 μένονπροσορμίσευςἕνεκακαὶᾶγορῦςτῦνναυτῦν.
1125 3084 1263 3153 Ἀπολλό-

315 3164 459 3273 δωρος
424 3198 478 3237 ουν
498 3172 682 3251 ὁΠασίωνος
685 3179 812 3321 ίπρῶτος
828 3200 883 3276 την
893 3179 970 3238 ναῦν
980 3196 1118 3276 περιορμ
1103 3174 1167 3248 ίσας
1179 3173 1265 3273 ἔλαβε

314 3251 365 3319 τὸν
376 3258 528 3337 στέφανον.
560 3261 748 3360 προτεθείσης
760 3258 792 3321 δὲ
802 3254 892 3322 πάλιν
903 3253 1118 3338 δοκιμασίας,“
1102 3277 1179 3332 οστις
1191 3259 1262 3321 καλ-

315 3345 397 3401 λιστα
412 3362 647 3429 παρεσκευασατο
664 3335 719 3424 τὴν
734 3338 854 3428 τριήρη,
878 3347 1067 3448 στεφανῶσαι
1077 3342 1128 3404 καλ
1149 3347 1262 3427 τοῦτον,

315 3417 504 3490 ἀντιποιεῖται
514 3428 564 3490 καὶ
574 3433 677 3492 τοῦτον
687 3421 936 3508 ἐστεφανῶσθαιὸ
945 3417 1170 3508 Ἀπολλόδωρος.

397 3598 484 3666 Εἰ
450 3624 510 3683 μεν
520 3599 584 3692 ὅτῳ
597 3609 741 3671 πλεῖστοι
752 3608 955 3686 συνείποιεν,
975 3630 1001 3670 ω
988 3596 1135 3690 βονλη,
1146 3600 1184 3670 τὸ
1195 3601 1263 3688 ψή-

315 3717 421 3786 φισμα
438 3700 565 3770 ἐκέλευε
581 3705 701 3770 δοῦναι
714 3701 774 3769 τὸν
785 3702 967 3789 στέφανον,
991 3697 1057 3770 νῦν
1068 3692 1263 3788 ἀνόητοςῆν
