3159 4409
598 492 887 564 'Efflzroffl
907 504 953 561 ΙΙΙ.
1192 499 1257 564 393

304 662 463 752 ἡγοῦμαι,
485 669 588 730 ταῦτα
608 661 754 748 δηλώσω.
795 658 904 738 οὐδεὶς
923 659 987 743 γάρ
1008 657 1192 745 ὑπείληφεν
1211 658 1256 741 ῶς

303 761 369 845 άρα
389 758 574 846 ἠγνοήκατε
595 760 650 827 καὶ
671 758 891 844 δεεψεύσθητε
912 765 970 844 τῆς
997 755 1155 843 ἀληθείας
1180 761 1255 843 περὶ

304 854 409 925 αὐτοῦ
419 858 628 943 Λυκούργου.
660 857 699 926 τό
709 883 745 925 τε
755 857 820 944 γάρ
830 863 892 925 τού
907 857 1032 944 χρόνον
1047 864 1193 943 πλῆθος,
1214 855 1255 925 δν

303 954 528 1042 ἐξεταζόμενος
551 953 650 1024 ούδὲν
671 952 808 1024 πώποθ’
830 951 953 1041 εὑρέθη
974 956 1049 1041 περὶ
1070 951 1157 1039 ὑμᾶς
1177 953 1254 1023 ούτε

303 1060 443 1141 φρονῶν
453 1052 529 1121 ούτε
540 1052 789 1138 ποιῶνάδικον,
807 1055 862 1122 καὶ
872 1051 909 1122 τό
924 1057 1049 1140 μηδένα
1060 1052 1254 1137 άνθρῶποον

303 1158 349 1231 είς
365 1152 468 1238 μηδὲν
483 1159 552 1220 τῶν
569 1149 916 1238 άλλωνάναισθησίαν
925 1150 1022 1238 ὑμῶν
1032 1158 1253 1238 καταγνῶναι,

276 1251 435 1331 9είκότως
443 1250 575 1341 άναερεϊ
581 1251 643 1339 τὴν
653 1249 736 1339 ὑπὲρ
747 1259 806 1338 τῆς
814 1249 950 1337 άγνοίας
958 1259 1089 1338 σκῆψιν.
1110 1257 1255 1319 λείπεται

301 1356 417 1418 τοίνυν
439 1347 459 1418 δ
479 1350 601 1430 πάντες
620 1346 664 1419 άν
684 1349 770 1418 εἶναι
788 1351 931 1435 φαύλων
946 1348 1139 1434 άνθρῶπων
1154 1353 1254 1434 ἔργον

302 1448 461 1534 φήσαιεν,
481 1446 519 1516 τό
542 1446 624 1516 ὅσον
642 1443 686 1515 άν
704 1448 830 1535 χρῆσθε
844 1448 982 1535 χρόνον,
1002 1455 1164 1516 τοσούτου
1175 1446 1253 1515 ἑκά-

302 1567 384 1614 στου
402 1553 589 1636 φροντίζειν
605 1552 734 1630 δοκεῖν,
755 1546 836 1632 μετά
853 1553 958 1613 ταῦτα
974 1546 1010 1614 δὲ
1026 1547 1152 1631 μηδένα
1168 1549 1253 1630 ἔχειν

301 1644 411 1728 λόγον.
446 1649 492 1723 είς
508 1649 542 1711 τί
555 1643 620 1730 γάρ
630 1650 698 1711 τῶν
708 1643 821 1712 ἄλλων
830 1643 892 1730 χρὴ
905 1649 1096 1729 προσδοκᾶν
1106 1651 1154 1732 τῷ
1163 1669 1253 1711 τετε-

301 1740 471 1828 λευτηκότι
481 1739 543 1828 τὴν
553 1739 633 1826 παρ’
646 1737 742 1827 ὑμῶν
752 1748 888 1810 ἔσεσθαι
897 1738 1010 1828 χάριν,
1027 1739 1109 1810 ὅταν
1119 1747 1166 1821 εἰς
1173 1738 1253 1820 τούς

301 1843 419 1918 παῖδας
437 1843 493 1908 καί
509 1838 572 1926 τὴν
585 1837 738 1921 εύδοξίαυ
754 1839 914 1910 τάναντία
925 1840 991 1929 ὁρᾷ
1000 1868 1048 1921 τις
1057 1843 1250 1929 γιγνόμενα,

302 1931 351 2006 ῶν
362 1940 478 2025 μόνων
487 1943 542 2009 καὶ
551 1948 727 2009 τελευτῶσι
741 1949 859 2028 πᾶσιν,
878 1939 1174 2026 όπωςὲξεικαλῶς,
1192 1943 1252 2027 με’-

258 2055 292 2106 10
301 2046 366 2120 λεις
384 2041 440 2107 καὶ
450 2040 519 2126 μὴν
527 2038 606 2108 οὐδὲ
615 2039 791 2126 χρημάτων
800 2053 908 2107 ποιεῖν
916 2041 1129 2107 ἕνεκαταῦτα
1140 2044 1251 2107 δοκεῖν
1341 2081 1345 2088 x

299 2145 369 2205 τῶν
384 2145 499 2205 καλῶν
514 2136 676 2222 κάγαθῶν
691 2141 791 2210 ἐστίν.
825 2136 901 2204 ούτε
913 2134 979 2220 γάρ
989 2143 1048 2221 τῆς
1060 2145 1251 2221 μεγαλονυ-
1260 2146 1326 2202 1477

299 2243 370 2320 χίας
381 2235 458 2302 ούτε
468 2243 526 2319 τῆς
537 2234 638 2319 άλλης
646 2237 867 2318 προαιρέσεως
875 2239 932 2318 τῆς
940 2231 1250 2318 ύμετὲραςάκόλου-

300 2344 367 2401 θον
384 2328 427 2399 άυ
444 2338 573 2417 φανείη.
607 2337 637 2397 εί
650 2328 715 2415 γάρ
731 2327 818 2414 ύμάς
837 2329 1006 2395 λύσασθαι
1026 2328 1106 2417 παρ’
1130 2331 1250 2412 ἑτέρων

301 2435 367 2498 ἔδει
388 2429 507 2507 δόντας
529 2429 565 2494 ίκ
585 2433 654 2493 τῶν
674 2425 884 2513 προσιόντων
904 2421 945 2490 τά
965 2424 1115 2510 χρήματα
1134 2434 1249 2511 ταῦτα,

300 2529 427 2606 πάντας
443 2521 486 2594 άν
495 2522 640 2612 ἡγοῦμαι
649 2524 849 2608 προθύμους
862 2521 962 2590 εἶναι·
984 2528 1105 2608 τίμημα
1116 2519 1148 2589 δ’
1160 2519 1251 2610 ὁρῶν

301 2625 485 2702 ὀκνοῦντας
501 2621 652 2709 άφεῑναι,
674 2619 695 2688 δ
712 2622 868 2710 λόγονκαὶ
879 2619 999 2710 φθόνῳ
1013 2624 1166 2706 γέγονεν,
1186 2621 1251 2690 ούκ

298 2733 361 2814 ’ἔχω
378 2732 413 2795 τί
427 2730 596 2810 καταγνῶ,
620 2727 651 2790 εί
665 2719 710 2808 μὴ
727 2719 814 2800 ὅλως
834 2728 960 2808 πικρῶς
979 2721 1035 2788 καί
1054 2725 1252 2805 ταραχωδῶς

300 2832 386 2910 ἔχειν
406 2823 489 2911 πρὸς
508 2820 588 2900 τούς
608 2819 806 2907 δημοτικούς
828 2818 1009 2907 ῶρμήκατε.
1048 2824 1079 2887 εί
1099 2820 1135 2886 δὲ
1155 2817 1249 2887 τοῦτ’

300 2928 389 2989 ἔστιν
395 2972 405 3005 ,
433 2918 507 2989 οὔτ’
536 2917 650 3005 ὀρθῶς
669 2919 747 2988 ούτε
768 2919 1007 3007 συμφερόντως
1027 2916 1250 3004 βουλεύεσθαι

300 3019 471 3106 ἐγνώκατε,

256 3132 289 3184 11
385 3117 549 3202 (θαυμάζω
570 3117 600 3186 δ’
625 3119 790 3206 είπμηδεὶς
808 3113 905 3202 ὑμῶν
915 3119 1025 3184 ἐννοεῑ
1035 3113 1166 3183 ὅτιτῶν
1176 3121 1212 3184 αί
1231 3157 1250 3169 -

298 3219 466 3305 χρῶνέστι
477 3213 537 3283 τδν
550 3219 657 3302 δῆμον
666 3212 727 3283 τόν
734 3212 942 3302 Ἀθηναίων,
961 3216 1094 3282 συνέσει
1105 3216 1161 3282 καὶ
1171 3238 1250 3284 παι-

299 3323 370 3405 δεία
382 3315 519 3382 πάντων
529 3316 681 3401 προέχειν
691 3319 873 3401 δοκοῦντα,
893 3311 929 3393 ὃς
938 3315 994 3382 καὶ
1004 3325 1072 3391 τοῖς
1084 3309 1249 3399 άτνχήσα-

298 3435 353 3483 σιν
364 3413 415 3484 άεδ
425 3412 544 3500 κοινὴν
553 3418 618 3500 ἔχει
627 3411 843 3500 καταφυγὴν,
867 3411 1158 3498 ἀγνωμονέστερον
1169 3421 1249 3498 φαί-

298 3524 416 3582 νεσθαι
428 3519 613 3598 Φιλίππου,
636 3510 673 3593 δς
688 3512 913 3598 άνουθίτητος
931 3507 980 3580 ῶν
997 3509 1147 3594 εἰκότως,
1168 3536 1249 3596 τρα-

298 3618 370 3696 φείς
387 3610 421 3696 γ’
438 3615 476 3679 ἐν
495 3614 644 3701 ἐξουσίᾳ,
666 3610 757 3698 ὅμως
772 3608 854 3697 ςόετο
874 3613 960 3695 δεῖν,
981 3605 1069 3695 ἡνίκ’
1083 3608 1248 3694 ηὐτύχησε

295 3709 451 3796 μάλιστα,
481 3708 548 3778 τότ’
573 3709 775 3798 ἀνθρώπινα
795 3708 951 3794 πράττων
970 3715 1177 3796 φαίνεσθαι,
1191 3708 1248 3777 καὶ
