3159 4409
221 463 223 467 ’
308 492 369 557 ιοο
534 450 1038 551 τοιΔιιιιοΣοιιΝουΣ
1122 472 1124 477 ’

651 654 903 719 ΜΑΡΤΤΡΕΣ.

268 774 301 828 19
377 747 423 816 ’Ἀ
438 752 498 835 μὲν
514 754 630 816 τοίνυν
648 744 882 830 άδικούμενος,
904 735 933 810 ό
955 742 1075 829 ἄνδρες
1094 741 1255 825 δικασταὶ,

308 846 366 915 ὑπ’
395 847 508 915 αὐτῶν
533 845 595 931 την
623 842 824 930 ἀπογραφὴν
849 840 1053 927 ἐποιησάμην
1072 840 1257 927 ..δεδήλωκα

308 950 403 1033 ύμῖν·
423 945 467 1026 ὡς
484 944 516 1014 δ’
533 951 622 1013 ἔστιν
635 943 852 1028 Ἀρεθουσίου
863 938 1077 1024 τάνδράποδα
1087 945 1193 1028 ταῦτα
1203 941 1258 1007 καί

308 1046 390 1115 ὅντα
401 1049 488 1132 ἐντῇ
499 1042 594 1132 ούσίηι
611 1052 651 1131 τῇ
667 1046 797 1111 ἐκείνου
814 1038 988 1126 άπὲγραψα
1004 1041 1153 1119 ἐπιδείξω
1170 1034 1261 1133 ὑμῖν,

308 1144 369 1213 τὸν
380 1143 441 1230 μὲν
454 1141 517 1228 γάρ
528 1145 688 1227 Κέρδωνα
699 1144 735 1209 ἐκ
752 1148 874 1226 μικροῦ
887 1142 1064 1224 παιδαρίου
1074 1136 1258 1221 ἐξεθρέψα-

308 1268 361 1310 το·
380 1246 436 1311 καὶ
447 1234 542 1328 ὡςῆν
553 1240 786 1327 Ἀρεθουσίου,
804 1238 933 1306 τούτων
950 1238 1029 1322 ύμῖν
1040 1235 1121 1315 τούς
1130 1235 1259 1334 είδότας

310 1343 478 1429 μάρτυρας
488 1343 677 1426 παρέξομαι.
799 1361 801 1364 ’
1082 1339 1084 1342 ’
1304 1350 1307 1355 “

653 1443 903 1505 ΜΑΡΤῬΡΕΣ.

268 1564 303 1617 20
392 1535 475 1622 Παρ’
487 1535 536 1615 οἷς
550 1544 666 1605 τοίνυν
683 1535 856 1621 εἰργάσατο
874 1530 1021 1616 πόποτε,
1044 1528 1186 1610 οἱς-τούς
1203 1552 1321 1617 gat-1253

249 1670 251 1675 ·
311 1634 418 1712 σθούς
436 1633 647 1718 Ἀρεθούσιος
663 1638 825 1720 ἐκομιζετο
843 1629 927 1716 ύπὲρ
947 1627 1067 1714 αύτού,
1091 1633 1147 1698 καὶ
1166 1634 1257 1709 δίκας

311 1735 475 1820 ἐλάμβανε
491 1735 545 1801 καὶ
561 1737 688 1817 ἐδίδου,
714 1729 815 1800 ὁπότε
833 1731 938 1798 κακόν
954 1755 985 1799 τι
1002 1728 1190 1817 ἐργάσαιτο,
1214 1728 1258 1808 άς

313 1832 471 1917 δεσπότης
494 1827 556 1915 όν,
583 1832 711 1898 τούτων
741 1827 821 1915 ὑμῖν
842 1827 920 1907 τούς
942 1829 1068 1906 είδότας
1089 1829 1258 1914 μάρτυρας

314 1931 501 2014 παρέξομαι.

410 2042 413 2047 ’
657 2034 906 2106 ΜΑΡΊῪΡΕΣ.

400 2123 468 2193 Τδν
491 2129 527 2193 δὲ
542 2125 684 2212 Μάνην,
706 2131 858 2204 δανείσας
879 2124 1040 2210 άργύριον
1055 2123 1259 2210 Ἀρχεπόλιδι

312 2229 358 2313 τῷ
368 2231 529 2312 Πειραιεῖ,
552 2222 663 2310 ἐπειδη
680 2223 740 2310 οὐχ
758 2219 828 2302 οἶός
843 2218 923 2311 τ’ἦν
940 2223 1032 2313 αὐτῷ
1042 2219 1257 2290 άποδούναιδ

310 2309 492 2408 Ἀρχέπολις
508 2321 585 2390 οὔτε
602 2321 663 2390 τὸν
678 2324 778 2390 τόκον
790 2322 866 2389 οὔτε
877 2321 914 2390 τδ
928 2321 1065 2408 άρχαῖον
1076 2320 1183 2407 άπαν,
1204 2324 1259 2388 ἐν-

312 2426 508 2506 απετίμησεν
524 2420 621 2508 αύτῷ.
645 2425 700 2489 καί
718 2421 769 2489 ότι
786 2420 897 2509 άληθῆ
907 2425 1006 2506 λέγω,
1030 2421 1158 2489 τούτων
1180 2418 1259 2507 ὑμῖν

313 2518 391 2597 τούς
401 2518 571 2604 μάρτυρας
581 2522 768 2606 παρέξομαι.

656 2627 907 2687 ΜΑΡΊῪΡΕΣ.

271 2740 304 2792 21
388 2715 458 2782 Ἕτι
469 2722 583 2783 τοίνυν
596 2719 650 2784 καὶ
662 2721 698 2784 ἐκ
709 2721 813 2784 τῶνδε
830 2717 1018 2802 γνόσεσθε,
1036 2708 1063 2782 ά
1079 2716 1198 2800 άνδρες
1209 2719 1260 2781 δι-

313 2816 438 2896 κασταὶ,
447 2811 498 2879 ὅτι
510 2815 592 2880 είσίν
600 2811 817 2897 Ἀρεθουσίου
827 2819 862 2882 οί
871 2814 1060 2897 ἄνθρωποι·
1084 2811 1184 2882 ὁπότε
1194 2813 1259 2901 γάρ

314 2916 348 2980 οί
365 2911 541 2994 άνθρωποι
560 2903 654 2979 οὗτοι
672 2909 694 2999 ἦ
714 2913 852 2999 όπύραν
872 2921 1021 2996 πρίαιντο
1040 2910 1064 3000 ἢ
1081 2917 1183 2996 θέρος
1205 2939 1261 2999 με·

315 3022 452 3080 σθοϊντο
463 3012 632 3094 ἐκθερίσαι
642 3010 665 3096 ἢ
675 3011 756 3078 ἄλλο
773 3039 805 3079 τι
815 3019 883 3079 τῶν
895 3013 968 3098 περὶ
977 3017 1139 3097 γεωργίαν
1152 3016 1261 3096 ἔργων

315 3107 520 3195 ἀναιροῖντο,
531 3104 740 3190 Ἀρεθούσιος
757 3104 803 3196 ἦν
819 3108 1039 3195 ὁώνούμενος
1050 3113 1104 3178 καὶ
1114 3111 1261 3197 μισθού-

316 3232 410 3288 μενος
427 3205 512 3292 ύπὲρ
533 3204 652 3274 αύτῶν.
687 3205 730 3286 ὡς
753 3205 783 3274 δ’
803 3206 914 3295 άληθῆ
935 3211 1036 3292 λέγω,
1057 3210 1112 3276 καὶ
1132 3208 1261 3276 τούτων

316 3300 393 3386 ὑμῖν
402 3305 480 3381 τούς
490 3303 658 3388 μάρτυρας
669 3307 855 3391 παρέξομαι.

658 3409 908 3473 ΜΑΡΤῬΡΕΣ.

273 3513 309 3565 22
390 3494 488 3577 Ὅσας
505 3502 567 3585 μὲν
583 3510 699 3569 τοίνυν
721 3510 902 3589 μαρτυρίας
923 3506 1150 3588 παρασχέσθαι
1172 3502 1262 3588 εἶχον

316 3591 410 3679 ύμῖν,
433 3592 478 3674 ως
494 3602 583 3664 ἔστιν
598 3598 814 3685 Ἀρεθουσίου
838 3599 1066 3686 τάνδράποδα,
1089 3602 1262 3687 δεδήλωκα
1306 3599 1308 3603 ’

315 3688 404 3775 ὑμίν.
433 3692 595 3781 βούλομαι
606 3696 641 3786 δὲ
651 3701 706 3764 καὶ
717 3701 791 3783 περὶ
801 3704 859 3784 τῆς
870 3697 1081 3784 προκλήσεως
1092 3703 1205 3783 εἰπεῖν,
1217 3695 1262 3784 ἣν
