3159 4409
292 484 361 551 ιιι
529 479 568 545 ιι.
599 476 1017 581 κπωοευειιουυ
1071 532 1074 539 .
1134 579 1136 582 .

292 644 350 734 τῆς
359 645 515 733 τριήρους
527 643 667 722 τούτονς
677 616 890 759 ἐπεπλήρωτό
898 664 974 759 μοι,
985 641 1050 717 καὶ·
1051 638 1173 717 πάντες
1184 634 1248 711 ἕω·

212 815 213 818 ,
268 742 376 834 ὁρᾶθ’
387 740 480 830 νμελς
490 739 811 828 αναπειρωμένην
775 766 838 827 την
848 765 944 807 ναυν
976 742 1023 806 ἔτι
1032 734 1247 824 τοίνυνυπη-

295 850 410 929 ρεσίαν
425 842 487 928 τὴν
502 867 585 926 κρατ
586 847 691 926 ί,στην
696 844 833 927 ἔλαβον,
855 828 967 926 πολλῷ
977 848 1130 907 πλεῖστον
1140 834 1248 929 ἀργύ-

294 959 369 1029 ριον
386 942 473 1025 δούς.
501 933 648 1009 σύνοιδ’
662 965 677 1007 ε
678 937 921 1025 ίμδνεῖχονχεί
919 934 1126 1037 ρουαὴμῦν,
1147 934 1248 1008 οὐδὲν
1270 962 1272 967 ’
1312 954 1314 959 “

231 1105 233 1111 .
294 1070 338 1123 αν
347 1070 391 1130 ην
402 1041 528 1110 δεινον·
550 1037 659 1108 νῦυδ’
672 1035 775 1106 066’‘
757 1043 997 1107 οποιαυτινοῦν
1006 1042 1248 1127 μεμίσθωνται,

295 1145 369 1229 περὶ
384 1148 446 1210 τοῦ
465 1145 617 1219 πλείονος
633 1136 867 1223 ύυτιλέγοντες.
900 1141 1007 1203 καίτοι
1023 1142 1093 1213 πῦς
1110 1141 1174 1204 εἰσι
1191 1140 1249 1221 δι(-

294 1267 383 1309 καιοι
402 1247 506 1309 ταῦτα
525 1239 586 1326 μὲν
607 1237 751 1323 ὕστερον
773 1240 1040 1322 ἐξαναπληροῦν,
1063 1242 1130 1303 νῦν
1151 1231 1183 1303 δ’
1196 1233 1248 1324 ἶῦς

293 1348 418 1427 πρῶτοι
428 1338 759 1424 παρασκευασάμενοι
769 1333 830 1405 τὸν
841 1338 1009 1421 στέφανον
1019 1343 1150 1423 λαβελνς
1227 1407 1229 1410 ,
1311 1402 1313 1407 .

268 1461 285 1516 7
373 1438 534 1525 Ἡγοῦμαι
543 1437 740 1524 τοίνυν,ὅτι
749 1436 811 1523 μὲν
824 1434 1005 1503 δικαιότατ’
1017 1430 1061 1504 δν
1071 1433 1247 1521 στεφανού-

295 1560 385 1608 σαιτε
402 1538 474 1625 ἐμὲ,
494 1564 549 1606 και
538 1538 671 1624 μηδὲν
682 1534 833 1655 είπύντρς
845 1538 928 1619 ἐμοῦ
936 1533 1134 1619 γιγνώσκειν
1144 1531 1249 1656 ιἰροῖς·Ι
1247 1544 1315 1602 123⁰

296 1664 347 1705 οτι
363 1634 396 1704 δ
412 1635 453 1704 ού
466 1632 598 1758 μέτεστι
614 1636 730 1723 μόνοις
751 1633 880 1714 τούτοις
900 1637 975 1718 περὶ
994 1641 1056 1703 τοῦ
1076 1635 1248 1720 στεφάνου
1314 1712 1316 1723 Ι

296 1735 415 1820 λόγος,
421 1741 500 1802 τοῦτ
503 1730 643 1814 ’ξέπιδοῖ
628 1741 679 1814 ξαι
689 1733 860 1821 βούλομαι.
879 1733 989 1802 πόθεν
1000 1719 1064 1801 οῦν
1073 1741 1172 1805 τοῦτο
1184 1732 1249 1821 μύ-

296 1831 378 1913 λιστ’
396 1839 486 1902 ἔσται
502 1838 619 1919 δῆλον;
641 1832 701 1927 ἀφ’
721 1826 1097 1940 ῦναύτοιπεποιήκασι·
1121 1833 1248 1913 σκεψά-

295 1957 390 2019 μενοι
406 1931 470 2017 γὰρ
487 1929 547 1999 τόν
567 1935 599 2012 ἐξ
614 1935 788 2017 ,ἐλαχίστου
804 1946 1011 2018 τριηραρχεῖν
1016 1930 1247 2020 βουλόμενον,

295 2032 527 2118 μεμισθωκασι
536 2056 598 2118 την
608 2037 831 2116 λειτουργιαν
855 2038 961 2100 καίτοι
973 2055 1043 2113 πως
1054 2058 1116 2100 ονκ
1129 2031 1248 2100 ἄδικον
1298 2108 1300 2113 ,

295 2157 363 2205 των
374 2131 443 2216 μὲν
460 2127 687 2217 ἀναλωμάτων
704 2128 946 2253 ἀφεστηκέναι,
962 2139 1031 2200 των
1046 2132 1083 2200 δ
1092 2135 1249 2227 γιγνομέ-

294 2256 364 2298 νων
381 2226 424 2296 δι’
443 2232 553 2297 ἐκεῖνα
562 2238 676 2315 τιμῦν
692 2222 810 2311 ῦξιοῦν
820 2225 932 2309 αὑτοῖς
942 2244 1101 2350 μετεῖναις
1121 2223 1248 2299 καὶτοῦ

294 2330 414 2416 μὲν
372 2357 417 2416 μη
436 2337 644 2417 περιορμίσαι
658 2356 721 2416 την
738 2330 910 2397 ναῦντότε
919 2328 980 2397 τὸν
985 2331 1248 2416 μεμισθωμένον

294 2435 477 2516 αἰτιᾶσθαι,
499 2437 568 2496 τῶν
586 2429 622 2498 δὲ
638 2436 746 2508 καλως
762 2433 1049 2515 δεδιακονημένων
1060 2437 1125 2498 νῦν
1135 2428 1248 2509 αὐτοῖς

268 2526 761 2616 ςκελεύεινχῦρινῦμῦςέχεινς
783 2524 1071 2614 δεῐτοίνυνῦμοῖς,
1091 2521 1250 2612 ύῦνδρες

291 2625 477 2748 Ἀθηναῖοι,
500 2654 544 2714 μη
565 2626 671 2713 μόνον
692 2630 728 2695 ἐκ
749 2626 879 2694 τούτων
899 2640 1035 2694 σκοπεῖν
1051 2624 1088 2694 τὸ
1107 2632 1248 2714 δίκαιον,

295 2723 378 2792 ἀλλὰ
394 2728 449 2815 καὶ
461 2717 534 2804 ἐξ
506 2751 556 2807 ων
566 2723 662 2794 αῦτοὶ
673 2725 838 2845 πρύτερον
848 2723 1062 2812 πεποιήκατε,
1084 2723 1189 2795 ταῦτὰ
1199 2753 1250 2794 τι»

283 2833 364 2891 νῦν
382 2810 656 2911 διαπραξαμένων
669 2826 806 2904 τούτοις.
840 2850 896 2892 οτε
906 2851 971 2912 γαρ
982 2851 1021 2913 τη
1032 2832 1199 2913 ναυμαγμᾳ
1209 2826 1261 2914 τη

220 2959 222 2963 ν
295 2921 378 3008 πρὸς
395 2921 610 3007 Ἀλέξανδρον
635 2925 829 3011 ἐνικήθητε,
856 2924 932 2992 τότε
951 2931 1020 2992 νῦν
1039 2925 1249 3014 τριηράρχων

294 3021 374 3102 τοῦς,
390 3025 642 3109 μεμισθωκότας
657 3021 716 3103 τοὶς
732 3029 942 3110 τριηραρχίας
958 3023 1171 3104 αἰτιωτάτους
1187 3031 1250 3093 τοῦ

248 3179 252 3189 .
295 3123 516 3208 γεγενημένου
534 3129 722 3245 νομίζοντες
739 3113 954 3206 παρεδώκατε
970 3124 1065 3202 είς
1031 3150 1068 3192 το
1087 3123 1249 3210 δικαστη-Ι

279 3220 280 3225 ’
296 3237 380 3304 ρἰου,
390 3221 1090 3345 καταχειροτονήσαντεςπροδεδωκέναιτδις
1100 3224 1250 3302 ναύςκοδ

268 3319 530 3389 9λελοιπέναι
494 3347 557 3408 την
573 3319 688 3404 τοὶξὶν
705 3325 761 3390 καὶ
777 3321 1040 3410 κατηγόρειμὲν’
1036 3330 1247 3442 Αριστρφῦν,
1296 3367 1298 3371 ,

294 3414 517 3497 ἐδικάζετεδ
499 3436 607 3506 νμεῖς·
623 3427 655 3490 εἰ
665 3420 756 3509 ὲμη
767 3425 988 3508 μετριωτεραν
996 3421 1149 3507 ἔσχετε
1112 3448 1177 3509 την
1187 3419 1248 3506 ορ-

293 3540 365 3599 γην
374 3541 431 3600 της
447 3519 582 3588 ἐκείνων
598 3530 721 3607 πουηρί
720 3547 774 3604 ας,
790 3521 953 3589 ούδὲν’
912 3521 1036 3602 αυτοῦς
1051 3522 1176 3591 ἐκύλυε
1192 3547 1248 3590 τε·

292 3612 427 3682 θνοὶυαι.
450 3613 677 3688 ταύτδτοίννν
688 3621 809 3699 εἰδότες
821 3612 914 3688 οῦτοι
925 3619 1121 3707 πεπραγμέν’
1130 3617 1250 3700 αὐτοῖς

293 3737 347 3780 και
337 3713 502 3801 ἐκεινοις,
510 3714 582 3803 ου’χι
590 3724 787 3808 φριτγουσιν
798 3716 864 3787 ἐν
846 3734 925 3806 νμῑν
934 3711 1250 3808 υπὲρωνπροσηκει
