3159 4409
589 482 935 556 ΕΠΙΤΑΦΙΟΣ.
1172 493 1235 559 817

290 666 402 734 καλοῖς
418 655 580 741 κάγαθοῑς
596 657 652 729 καλ
674 653 892 732 δικαιοτάτοις
914 651 1013 739 εἶναι,
1033 654 1237 749 ἀμυνόμενοι
1248 662 1313 716 1391

263 755 327 824 ὅδὲ
338 752 442 822 πολλά
455 757 510 823 καὶ
521 750 606 821 καλά
624 751 849 836 διεπράξαντο.
880 756 935 820 καὶ
950 753 1014 839 γάρ
1031 753 1091 820 τὸν
1104 750 1237 839 Ἀμαξό-

292 881 363 921 νων
379 851 519 939 στρατόν
536 847 667 920 ἐλθόντ’
680 850 867 936 ἐκράτησαν
884 847 990 929 οὕτως
1007 849 1080 919 ὥστ’
1094 856 1154 930 ἔξω
1166 853 1238 919 Φά-

292 956 383 1030 σιδος
392 954 559 1039 ἐκβαλεῖν,
582 946 708 1017 καὶτὸν
719 944 902 1034 Εὐμόλπου
918 952 974 1017 καὶ
984 957 1118 1017 πολλῶν
1128 948 1238 1017 ἄλλων

292 1049 412 1117 στόλον
423 1046 464 1129 οὐ
475 1049 702 1134 μόνονέκτής
715 1052 854 1132 οἰκείας,
876 1044 959 1115 άλλά
976 1049 1032 1115 καὶ
1049 1051 1086 1116 ἐκ
1103 1056 1238 1134 τήςτῶυ

291 1144 574 1233 άλλωνἙλλήνων
584 1145 879 1232 χάραςέξήλασαν,
891 1143 950 1224 οὓς
961 1151 995 1214 οί
1003 1144 1066 1231 πρό
1082 1144 1177 1233 ἡμων
1187 1153 1237 1216 οί·
1266 1153 1269 1158 ’

290 1253 426 1326 κοῦντες
446 1246 529 1332 πρὸς
549 1247 692 1332 ἑσπέραν
717 1244 837 1324 πάντες
857 1243 938 1312 οὔθ’
962 1242 1143 1331 ὑπέμειναν
1163 1243 1235 1313 οὔτ’
1266 1256 1268 1261 ’

263 1395 265 1400 ,
291 1353 506 1435 ἐδυνήθησαν
520 1352 681 1413 κωλῦσαι.
713 1345 768 1411 καὶ
791 1341 859 1428 μήν
877 1345 933 1410 καὶ
952 1351 1020 1409 τοῖν
1038 1341 1237 1428 Ἡρακλέους

291 1448 429 1535 παίδων,
442 1440 479 1523 δς
488 1442 566 1523 τούς
576 1442 698 1521 άλλους
708 1447 816 1528 ἔσωζε,
824 1450 968 1528 σωτήρες
979 1440 1235 1527 ω’νομάσθησαν,

289 1540 373 1628 ἡνίκ’
385 1535 495 1628 ήλθον
512 1548 558 1620 είς
573 1541 672 1628 τήνδε
689 1538 751 1626 τήν
762 1546 826 1626 γήν
837 1541 956 1624 ἱκέται,
977 1540 1157 1625 φεύγοντες
1166 1540 1241 1612 Ed<

290 1642 427 1724 ρυσθέα.
457 1642 512 1711 καὶ
531 1641 705 1725 πρδςπάσι
714 1639 909 1716 τούτοιςκαὶ
919 1645 1051 1716 πολλοῖς
1061 1636 1172 1717 άλλως
1182 1640 1236 1706 καὶ

290 1746 402 1816 καλοῖς
413 1738 571 1824 έργοιςτὰ
588 1746 657 1805 τοῖν
673 1737 917 1822 κατοιχομένων
927 1737 1051 1822 νόμιμα
1061 1734 1103 1805 οὐ
1114 1750 1236 1823 περιεί-

290 1843 352 1905 δον
372 1835 588 1922 ὑβριζόμενα,
611 1833 665 1903 ὅτε
686 1835 770 1914 τούς
785 1834 866 1903 ἑπτά
887 1836 938 1902 ἐπὶ
960 1835 1071 1923 Θήβας
1093 1833 1236 1903 θάπτειν

263 1937 414 2007 9ἐκάλυε
424 1938 550 2020 Κρέων.
588 1927 858 2020 τάνμὲνοῦνείς
867 1934 1000 2019 μάθονς
1016 1931 1236 2020 ἀνενηνεγμέ-

288 2030 360 2103 νων
380 2039 487 2119 ἔργων
508 2033 612 2100 πολλοὶ
637 2031 836 2117 παραλιπάν
861 2033 991 2100 τούτων
1012 2033 1235 2119 ἐπεμνήσθην,

290 2125 338 2202 τόν
348 2131 459 2211 οὕτως
475 2133 615 2200 ἕκαστον
638 2129 844 2218 εὐσχήμονας
863 2135 920 2200 καὶ
935 2131 1079 2209 πολλοὺς
1095 2135 1160 2216 ἔχει
1178 2131 1237 2198 λό-
1263 2135 1266 2141 ’

288 2258 368 2318 γους
385 2232 470 2302 ὥστε
490 2232 544 2298 καὶ
555 2228 632 2308 τοδς
643 2233 822 2316 ἐμμέτρους
832 2232 888 2297 καὶ
899 2227 977 2306 τούς
987 2225 1238 2315 τωνήδομένων

289 2329 424 2417 ποιητάς
437 2331 493 2398 καὶ
510 2326 653 2406 πολλοὺς
669 2335 738 2396 τῶν
754 2330 975 2412 συγγραφέων
991 2325 1168 2405 ὑποθέσεις
1177 2325 1238 2394 τά·

288 2436 408 2497 κείνων
418 2433 565 2513 ἔργα-τῆς
581 2423 694 2493 αὐτῶν
704 2432 867 2516 μουσικῆς
877 2432 1094 2510 πεποιήσθω·
1118 2422 1186 2492 ἃδέ
1196 2430 1238 2511 τῇ

286 2526 348 2612 μὲν
359 2524 432 2612 άξίμ
443 2531 511 2592 των
521 2530 628 2607 ἐργων
640 2520 741 2590 οὐδέν
751 2527 821 2592 ἐστι
837 2524 967 2591 τούτων
984 2520 1121 2607 ἐλάττω,
1143 2529 1190 2610 τῷ
1201 2521 1236 2589 δ’

287 2621 493 2711 ὑπογυώτερ’
508 2623 591 2691 είναι
610 2637 678 2702 τοῖς
696 2623 829 2710 χρόνοις
853 2621 947 2691 οὕτω
969 2622 1237 2709 μεμυθολόγηται

288 2720 362 2791 οὐδ’
375 2728 420 2801 είς
430 2720 492 2808 τήν
501 2719 649 2808 ἡρωικήν
659 2725 840 2809 ἐπανῆκται
849 2722 952 2807 τάξιν,
971 2718 1058 2789 ταῦτ’
1069 2721 1133 2807 ήδη
1144 2722 1234 2800 λέξω.

245 2831 280 2884 10
287 2826 406 2891 ἐκείνοι
416 2823 476 2890 τόν
486 2825 518 2902 ἐξ
530 2819 659 2918 ἁπάσης
668 2830 725 2908 τής
740 2821 845 2900 Ἀσίας
857 2821 977 2889 στόλου
986 2818 1130 2889 ἐλθόντα
1140 2818 1237 2904 μόνοι

288 2924 338 3001 δὶς
347 2920 516 3008 ήμόναντο
528 2927 581 2991 καὶ
592 2921 674 2990 κατά
684 2930 749 3009 γήν
759 2920 908 2989 καὶκατὰ
919 2922 1100 3005 θάλατταν,
1117 2921 1172 2985 καὶ
1182 2919 1236 2986 διὰ

286 3028 355 3088 των
369 3023 461 3088 ἰδίων
471 3022 640 3089 κινδύνων
650 3029 765 3107 κοινής
775 3027 936 3108 σωτηρίας
946 3028 1026 3087 πᾶσι
1036 3033 1104 3097 τοῖς
1116 3017 1237 3102 Ἕλλη-

287 3139 343 3188 σιν
362 3127 460 3186 αίτιοι
477 3123 687 3206 κατέστησαν.
726 3121 781 3188 καί
800 3126 990 3206 προείρηται
1009 3118 1070 3203 μὲν
1089 3115 1110 3183 δ
1129 3120 1236 3202 μέλλω

287 3222 395 3304 λέγειν
406 3215 458 3286 ὑπ’
471 3217 582 3287 ἄλλων
593 3219 770 3306 πρότερον,
782 3219 878 3287 δεῖδὲ
890 3218 973 3304 μηδὲ
983 3225 1047 3285 νῦν
1056 3221 1116 3282 τοῦ
1129 3219 1236 3283 δικαί-

288 3345 329 3386 ου
347 3321 401 3387 καλ
417 3325 527 3396 καλοῖς
542 3323 674 3404 ἔχοντος
691 3322 829 3387 ἐπαίνου
847 3317 926 3395 τοὺς
945 3314 1070 3401 άνδρας
1088 3317 1235 3394 ἐκείνους
1244 3337 1310 3393 1392

287 3424 505 3503 στερηθήναι·
533 3418 681 3507 τοσούτῳ
696 3415 761 3502 γάρ
778 3415 935 3501 άμείνους
953 3423 1022 3482 των
1038 3416 1091 3482 ἐπὶ
1112 3422 1253 3507 Τροίαν,
1326 3417 1328 3425 '

288 3518 581 3602 στρατευσαμένων
590 3513 761 3603 νομίζοιντ’
776 3511 820 3582 άν
831 3515 981 3598 είκότως,
992 3513 1076 3583 ὅσον
1088 3519 1122 3607 οί
1129 3515 1190 3602 μὲν
1201 3516 1233 3592 ἐξ

285 3609 413 3698 ἁπάσης
422 3622 479 3699 τής
484 3612 639 3694 Ἑλλάδος
650 3615 745 3691 ὅντες
755 3611 898 3698 άριστείς
910 3610 973 3681 δέκ’
987 3617 1042 3700 έτη
1055 3622 1113 3702 τής
1124 3613 1234 3689 Ἀσίας

242 3713 322 3779 11έν
333 3717 453 3797 χωρίον
464 3721 719 3798 πολιορκοῦντες
735 3710 829 3796 μόλις
845 3708 951 3797 εἷλον,
974 3703 1066 3781 οὗτοι
1078 3711 1114 3779 δὲ
1126 3708 1185 3777 τὸν
1195 3712 1231 3776 ἐκ
1284 3790 1287 3795 Δ
