3159 4409
566 464 711 564 xm
732 501 978 564 ΝπΑιΡΑΣ.
1183 505 1246 576 εοε

342 670 432 742 θέτας
449 659 524 730 κατά
540 658 591 729 τὸν
606 653 730 769 νόμον,
737 659 834 728 καί
802 691 857 747 την
874 664 1037 767 άνθρωπον
1059 668 1246 772 έκβαλεῖνέκ

342 759 394 834 τῆς
405 752 510 814 ἑαυτοῦ
528 751 621 825 οἰκίας
637 751 687 813 καί
697 744 796 813 οὐκέτι
807 757 954 813 συνοικειν
961 773 1053 851 αντη
1047 795 1057 828 ,
1076 752 1127 815 καί
1143 750 1212 815 λα’
1179 777 1245 856 χον-

342 859 390 908 τος
404 828 485 937 μύτῳ
472 831 667 936 Στεφάνου
672 835 711 907 είς
723 826 853 895 Ὠιδεῖον
867 836 948 896 σίτου
966 831 1164 920 διαλύσασθαι
1174 831 1247 938 πρδς

344 911 434 980 αύτδν
450 919 633 997 Στέφανον,
643 912 714 980 ὥστε
734 912 789 996 τὴν
809 910 931 1018 ’γραφην
929 907 1148 1025 άναιρεθῆναι
1166 914 1247 1001 παρὰ

343 1007 401 1064 τῶν
412 1008 602 1081 θεσμοθετῶν
612 1001 663 1063 καὶ
673 993 727 1082 τὴν
737 1001 825 1080 δίκην
834 1023 887 1062 του
906 1003 1000 1080 σίτου,
1022 1027 1062 1082 ην
1074 1003 1174 1083 ἔλαχεν
1185 1002 1247 1083 έμολ

343 1086 514 1165 Στέφανος]

257 1268 290 1321 55
384 1240 468 1324 Φέρε
485 1235 555 1325 δη
536 1252 618 1325 υμῖν
631 1240 687 1306 καλ
702 1239 817 1325 ἑτέραν
833 1246 1017 1325 μαρτυρίαν
1033 1239 1247 1328 παράσχωμαι
1255 1259 1357 1322 1364

299 1345 360 1405 τοῦ
369 1363 405 1407 τε
417 1336 609 1424 Φράστορος
620 1343 674 1406 καί
683 1345 752 1405 των
761 1328 986 1423 φράτέρων’
945 1362 1051 1404 αντον
1038 1340 1115 1405 καὶ
1125 1365 1247 1426 γεννη-

300 1461 383 1521 των,
403 1432 447 1514 ὡς
458 1441 525 1505 ἔστι
536 1440 610 1522 ξένη
620 1432 805 1518 Νέαιρα
758 1461 853 1521 αντη
886 1461 927 1511 ου
916 1434 1049 1523 πολλῷ
1060 1437 1168 1527 χρόνῳ
1182 1435 1246 1531 γάρ

301 1530 474 1618 ύστερονη
461 1528 697 1636 ”έξέιτεμφεν
680 1558 699 1600 ο
714 1531 922 1653 Φράστωρ
887 1559 948 1619 την
959 1561 1016 1621 της
1025 1541 1171 1622 Νεαίρας
1180 1545 1248 1604 θυ-
1333 1565 1338 1576 ι

301 1634 439 1716 γατέρα,
459 1628 625 1716 ἠσθένησε
644 1634 699 1700 καί
716 1631 807 1699 πάνυ
822 1642 974 1718 πονηραῖς
990 1636 1121 1721 διετέθη
1137 1637 1248 1714 καίείς

302 1736 414 1796 πασαν
425 1727 566 1815 απορίαυ
576 1730 723 1816 κατέστη.
752 1729 959 1816 διαφορᾶςδ’
970 1730 1173 1823 ούσηςαύτιβ
1182 1758 1248 1801 πα-

303 1833 398 1905 λαιᾶς
409 1826 492 1910 πρὸς
502 1825 581 1905 τούς
591 1834 732 1907 οἰκείους
743 1827 821 1907 τούς
832 1824 1001 1898 αὑτοῦκαὶ
1018 1827 1183 1917 ὀργηςκαὶ
1193 1839 1248 1919 μί-

302 1946 398 2010 σους,
421 1924 504 2009 πρὸς
520 1926 555 1994 δὲ
570 1929 625 1994 καὶ
641 1925 739 2006 δίπαις
750 1922 817 2011 νίν,
838 1927 1138 2015 ψυχαγωγούμενος
1154 1933 1191 1998 έν
1207 1937 1247 2016 τῇ

302 2023 461 2113 ἀσθενείᾳ
473 2033 513 2112 τῇ
521 2032 683 2112 θεραπεία
694 2022 761 2093 ύπό
772 2050 808 2092 τε
819 2032 877 2112 τῆς
893 2032 1039 2114 Νεαίρας
1050 2028 1104 2094 καὶ
1114 2033 1171 2113 τῆς
1180 2037 1249 2095 θυ-

259 2144 293 2199 56
302 2121 439 2210 γατερδς
449 2122 551 2210 αὐτῆς
561 2125 723 2212 (ἐβάδιζον
733 2124 798 2209 γάρ
810 2121 893 2210 πρὸς
910 2123 1029 2209 αύτδν,
1053 2121 1096 2203 ὡς
1112 2121 1248 2210 ἠσθένει

301 2222 356 2289 καὶ
367 2226 486 2308 ἔρημος
499 2215 612 2312 ἦντοῦ
621 2222 868 2304 θεραπεύοντος
881 2220 918 2289 τὸ
930 2223 1074 2307 νόσημα,
1092 2220 1132 2291 τά
1143 2221 1248 2310 πρόσ-

303 2345 392 2406 φορα
403 2326 443 2406 τῇ
454 2319 543 2408 υόσφ
556 2321 717 2402 φέρουσαι
726 2320 782 2386 καὶ
793 2320 1086 2405 ἐπισκοπούμεναι·
1108 2329 1176 2388 ἴστε
1187 2321 1248 2406 δή·

303 2440 369 2507 που
380 2419 435 2484 καί
445 2414 540 2484 αύτολ
551 2415 633 2484 ὅσον
643 2413 715 2495 άξία
726 2417 794 2483 ἐστὶ
804 2414 890 2499 γυνη
900 2418 938 2483 ἐν
948 2431 1017 2494 ταῖς
1027 2417 1150 2503 νόσοις,
1162 2441 1248 2504 παρ-

305 2521 389 2583 οῦσα
406 2512 566 2600 κάμνοντι
584 2512 769 2601 άνθρωπφ)
786 2514 923 2598 ἐπείσθη
945 2510 984 2599 δὴ
1003 2512 1040 2581 τδ
1057 2518 1206 2600 παιδίον,
1228 2513 1248 2582 δ
1291 2550 1293 2555 v

303 2619 414 2682 ἔτεκεν
431 2611 451 2699 ἡ
467 2613 620 2698 θυγάτηρ
642 2609 662 2698 ἡ
679 2617 826 2697 Νεαίρας
841 2614 977 2698 ταυτησὶ
998 2609 1043 2678 ὅτ’
1060 2613 1246 2699 ἐξεπέμφθη

302 2708 367 2779 ύιτὸ
382 2720 443 2779 τοῦ
456 2711 646 2796 Φράστορος
661 2718 807 2794 κυοῦσα,
830 2713 1028 2796 πυθομένου
1043 2707 1095 2777 ὅτι
1111 2708 1153 2776 ού
1162 2718 1247 2777 Στε-

303 2809 473 2895 φάνουείη
490 2807 660 2894 θυγάτηρ,
684 2806 768 2876 ἀλλὰ
779 2814 940 2893 Νεαίρας,
964 2812 1020 2876 καὶ
1032 2805 1247 2895 ὀργισθέντος

303 2908 356 2974 ἐπὶ
371 2913 411 2992 τῇ
427 2904 550 2993 άπάτη,
572 2905 672 2974 πάλιν
689 2912 802 2992 λαβεῖν
817 2909 872 2974 καί
882 2906 1086 2993 ποιήσασθαι
1096 2905 1174 2975 υίδν
1185 2903 1246 2973 αύ-

258 3029 293 3085 57
302 3010 374 3088 τοῦ,
386 3003 544 3090 λογισμὸν
552 3001 771 3090 άνθρύπινον
780 3007 836 3072 καί
847 3004 956 3073 είκότα
967 3006 1184 3092 λογιζόμενος,
1195 3002 1247 3073 ὅτι

301 3108 455 3186 πονηροῖς
471 3101 532 3187 μέν
542 3106 609 3187 έχοι
624 3105 679 3170 καί
690 3101 732 3170 ού
749 3103 853 3190 πολλὴ
865 3107 954 3184 έλπλς
971 3115 1021 3191 είη
1039 3103 1247 3189 αύτδυπερι-

300 3196 518 3284 γενήσεσθαι,
539 3206 600 3267 τοῦ
619 3201 655 3268 δὲ
671 3197 715 3287 μη
733 3209 847 3289 λαβεῖν
862 3203 941 3280 τούς
951 3217 1120 3287 συγγενεῖς
1132 3201 1172 3271 τά
1183 3200 1247 3272 αύ-
1320 3230 1324 3237 ·

302 3304 363 3364 τοῦ
379 3293 457 3383 μηδ’
477 3295 574 3390 δίπαις
591 3305 853 3387 τετελευτηκέναι
868 3301 1043 3388 ἐποιήσατο
1066 3300 1125 3369 τδν
1146 3306 1246 3371 παῖδα

302 3397 358 3462 καὶ
371 3393 532 3483 άνέλαβευ
543 3393 587 3476 ὦς
603 3396 720 3467 αὐτόν·
744 3403 814 3468 έπελ
826 3397 877 3469 ὄτι
893 3425 931 3484 γε
949 3396 1109 3485 ὑγιαίνων
1126 3398 1188 3469 ούκ
1202 3400 1246 3468 άν

303 3517 380 3562 ποτε
400 3500 534 3581 ἔπραξε,
568 3497 699 3586 μεγάλφ
716 3501 884 3583 ,τεκμηρίῳ
910 3496 965 3563 καὶ
986 3510 1163 3582 περιφανεῖ
1179 3494 1244 3581 έγῶ

260 3604 295 3659 58
303 3589 384 3685 ύμῖν
400 3597 554 3675 ἐπιδείξω.
590 3592 633 3674 τίς
648 3593 712 3680 γάρ
729 3591 849 3679 άυέστη
861 3592 993 3678 τάχιστα
1004 3594 1037 3674 ἐξ
1053 3595 1179 3678 έκείνης
1189 3599 1246 3678 τῆς

303 3687 478 3772 ἀσθενείας
495 3692 512 3760 ὁ
532 3692 694 3780 Φράστωρ
710 3693 765 3760 καὶ
782 3689 943 3777 άνέλαβεν
959 3687 1062 3758 αὑτὸν
1080 3692 1136 3758 καὶ
1151 3693 1246 3773 ἔσχεν
