3159 4409
553 503 697 566 xm
724 454 968 565 mmm
1170 505 1233 572 οοι

287 664 590 752 ἄλλ’-ἐξαπατηθείη
602 660 669 731 ύπδ
682 663 876 749 Στεφάνου,
895 659 939 742 ὥς
949 661 1055 730 αύτοῦ
1065 670 1234 751 δυγατέρα

287 757 395 831 ούσαν
411 761 516 857 αύτην
533 761 714 848 λαμβάνων
723 767 864 846 γνησίαν
874 759 1026 830 κατᾶτὸν
1036 762 1157 848 νόμον,
1179 769 1234 835 καλ

287 859 342 928 διὰ
357 859 420 948 τὴν
431 859 583 944 ἀπειρίαν
593 867 662 928 τάν
671 860 874 946 πραγμάτων
884 862 942 929 καλ
950 861 1012 948 την
1022 859 1165 930 ἀκακίαν
1174 860 1236 949 τὴν

287 962 546 1029 ἕαυτοῦτοῦτον
560 959 727 1046 πάρεδρον
737 958 926 1045 ποιήσαιτο
946 963 1002 1027 ἳνα
1013 959 1164 1047 διοικήση
1174 957 1235 1047 τὴν

288 1057 411 1146 ἀρχὴν,
434 1057 479 1139 άς
503 1057 627 1127 εύνουν
648 1055 744 1142 ὄντα,
766 1059 822 1124 καὶ
843 1055 897 1124 διά
921 1064 1020 1125 τοῦτο
1042 1057 1235 1184 κηδεύσειεν
1311 1053 1318 1062 “

242 1164 279 1218 82
288 1184 388 1247 αυτοι
410 1184 469 1225 οτι
468 1160 508 1225 δὲ
513 1163 611 1242 ,ἔφη
626 1181 667 1223 ου
655 1152 854 1273 ’ψεύδομαί
863 1155 995 1245 μεγαλα
1006 1162 1169 1244 τεκμηριιο
1180 1158 1237 1223 καὶ

287 1257 622 1342 περιφανεῐέπιδείξιο
633 1251 729 1338 ύμῖν
743 1278 805 1338 την
816 1279 880 1340 γαρ
891 1252 1103 1340 ανθριοπον
1085 1255 1235 1340 αποπεμ-

286 1368 339 1434 ενοι
350 1357 386 1422 ἐκ
396 1362 482 1440 τηςο
484 1358 597 1471 ίκίας,
606 1348 769 1438 ἐπειδη’
729 1377 793 1419 ουκ
803 1358 871 1420 ἐστι
881 1354 1061 1439 Στεφάνου
1070 1350 1235 1439 θυγάτηρ,

287 1447 542 1536 άλλάΝεαίρας.
553 1476 618 1518 καν
628 1475 689 1534 μεν
699 1475 804 1516 ταυτα
814 1451 951 1536 ποιησαι,
961 1450 1027 1538 ηδη
1037 1449 1174 1519 πιστοί
1156 1467 1236 1537 υμιν
1244 1467 1311 1523 1373

287 1555 464 1618 ἔστωσανο
466 1551 581 1634 ίλόγοι
594 1552 628 1616 οἱ
636 1546 715 1631 παρ’
729 1551 811 1633 ἐμου
798 1547 1034 1636 λεγόμενοι,“
1014 1576 1066 1617 οτι
1076 1551 1236 1638 ἐξηπατή-

286 1649 407 1733 θηνέ
409 1644 452 1713 διν
471 1646 507 1714 δὲ
522 1644 567 1731 μὴ
585 1645 729 1730 ποιήσω,
752 1646 809 1714 τότ
814 1645 896 1732 ’,ἤδη
907 1673 948 1733 με
957 1648 1057 1728 κολα
1041 1654 1107 1728 ζετε
1119 1675 1163 1728 ας
1172 1673 1235 1716 πο-
1261 1678 1263 1682 ·

241 1744 393 1830 83υηρόν
411 1740 1016 1832 ύυτακαὶείςτούςδεούςῆσεβηκύτα.
1048 1743 1233 1832 Ιὑποσχομέ-

286 1869 351 1910 νου
367 1843 403 1911 δὲ
420 1849 601 1910 ταῦταποῦ
616 1844 799 1927 Θεογένους
813 1845 870 1910 καὶ
887 1847 1062 1931 δεομένου,
1084 1843 1152 1931 άμα
1173 1845 1233 1931 μὲν

285 1943 341 2010 καὶ
357 1940 519 2027 ἐλεήσασα
535 1938 638 2008 αύτδν
654 1937 675 2027 η
692 1943 730 2022 ἐν
744 1937 857 2030 Ἀρείςο
874 1940 969 2031 πάγῳ
985 1941 1090 2030 βουλὴ
1107 1942 1161 2011 διά
1171 1940 1233 2029 την

286 2039 427 2107 ἀκακίαν
438 2047 500 2107 τού
508 2040 651 2127 τρόπον,
676 2038 745 2127 ἅμα
756 2039 791 2108 δέ
801 2042 1090 2130 καλ-ἐξηπατῆσθαι
1100 2050 1141 2130 τῇ
1151 2040 1233 2128 άλη-

285 2145 362 2227 θείᾳ
370 2136 537 2225 ἡγουμένη
546 2136 613 2207 ύπό
624 2139 1032 2225 τούΣτεφάνου,ἐιιέσχεν.
1056 2138 1234 2217 ύςδὲκατ-

285 2239 344 2324 ε’βη
361 2241 393 2318 ἐξ
407 2236 534 2320 Ἀρείου
550 2235 694 2322 πάγουὸ
714 2235 1024 2323 Θεογένης,ἐύθύς-
1034 2236 1095 2321 τήν
1113 2261 1149 2304 τε
1170 2236 1232 2303 άν-

285 2347 427 2422 δρωπον
441 2333 504 2422 την
520 2338 656 2421 ταυτησὶ
671 2342 817 2421 Νεαίρας
835 2337 1005 2418 θυγατέρα
1025 2335 1175 2418 ἐκβάλλει
1195 2339 1232 2403 ἐκ

285 2442 343 2520 τῆς
359 2439 481 2517 οίκίας,
499 2432 559 2501 τόν
569 2458 604 2500 τε
614 2434 793 2518 Στέφανον
802 2430 863 2499 τδν
874 2432 1119 2515 ἐξαπατήσαντα
1130 2431 1233 2499 αύτδν

285 2536 416 2600 τουτονὶ
444 2530 625 2600 άπελαύνει
649 2528 715 2598 άπὸ
737 2537 800 2611 τοῦ
822 2533 1008 2614 συνεδρίου.
1049 2530 1105 2596 καὶ
1126 2527 1232 2608 οὕτως

284 2629 471 2698 ἐπαύσαντο
483 2635 517 2698 οἱ
524 2627 746 2717 Ἀρεοπαγῖται
756 2635 926 2716 κρίνοντες
935 2626 1167 2714 τόνΘεογένην
1176 2633 1232 2699 καὶ

285 2727 491 2815 ὀργιζόμενοι
501 2728 603 2822 αύτ,
611 2733 667 2798 καί
677 2729 879 2815 συγγνώμην
890 2727 978 2813 εἶχον
987 2731 1232 2814 ἐξαπατηθέντα.
1313 2795 1316 2799 ,

242 2829 339 2896 δίκαι
356 2825 407 2893 ὅτι
423 2826 517 2894 ταῦτ’
533 2826 644 2915 άληθη
653 2830 756 2914 λέγω,
777 2826 906 2897 τούτων
918 2824 998 2914 ὑμῖν
1008 2829 1159 2914 μάρτυρα
1170 2824 1233 2894 αύ-

283 2921 691 3014 τόυτὸνΘεογένηνκαλῶ
703 2924 945 3012 καλάναγκάσω
955 2939 1142 3013 μαρτυρεῖν.
1171 2926 1233 2993 κά-

283 3031 334 3090 λει
345 3047 401 3107 μοι
413 3027 578 3111 Θεογένην
585 3025 717 3113 Ἑρχιέα.

590 3161 876 3224 MAPTYPIA.

319 3351 321 3355 Ι
412 3270 569 3378 [Θεογένης
583 3265 709 3372 Ἐργιευς
726 3281 880 3380 μαρτυρεῖ,
902 3295 948 3334 οτε
968 3265 1055 3344 αύτδς
1077 3270 1231 3374 ἐβασίλευε,

325 3378 418 3436 γημαι
431 3347 552 3418 Φανά
531 3352 729 3460 ωςΣτεφάνου
738 3347 831 3420 οὖσαν
839 3355 999 3438 θυγατέρα,
1011 3354 1100 3416 ἐπελδ
1079 3349 1232 3455 δέησθετο

327 3435 608 3541 ἐξηπατημένος,’
571 3465 626 3548 την
636 3464 665 3503 τε
675 3436 840 3542 ύνδριιπον
849 3438 999 3540 ἐκβαλεῖν
992 3437 1043 3499 καὶ
1054 3428 1150 3501 ούκέτι
1161 3457 1230 3501 συν.-

329 3529 422 3584 οικεῖν
413 3514 531 3624 αὕτη,
549 3549 600 3585 και
590 3524 766 3603 Στέφανον
784 3515 962 3585 άπελάσαι
945 3515 1003 3584 απὸ
1014 3547 1068 3603 της
1074 3525 1232 3605 παρεδρίας

327 3605 377 3666 καὶ
388 3600 443 3668 ούκ
454 3585 506 3669 ἐᾶά
518 3609 559 3671 ἐτι
570 3601 805 3690 παρεδρεύειν“
770 3629 860 3686 αντη).
837 3609 921 3684 ]

240 3720 300 3776 85
366 3713 455 3798 Λαβέ
477 3715 517 3800 δή
538 3741 594 3801 μοι
615 3713 678 3784 τὸν
694 3714 812 3804 νόμον
810 3717 870 3784 ἐπὶ
885 3714 1019 3795 τούτοις
1032 3716 1174 3783 τουτοδι
1187 3714 1249 3776 m

460 3863 475 3895 Ι
