3159 4409
310 477 353 541 σι
520 481 599 540 ιον.
634 454 1050 542 ΔΗΜοΣοωΝονΣ

310 641 384 725 περὶ
395 647 464 708 τοῖν
474 642 568 707 ίδίων
577 639 767 725 κτημάτων,
779 644 978 726 βουλευτέον
989 644 1087 728 ἐστίν,
1100 638 1183 710 ἀλλὰ
1196 655 1264 722 τοις

310 738 427 823 νόμοις
448 734 660 820 ἀκολούθως,
682 741 757 821 περί
778 738 920 808 ἑκάστου
940 747 1010 807 τῶν
1024 745 1263 827 γεγραμμένων

268 856 303 911 68
313 833 356 916 ὡς
367 834 385 904 ὁ
397 834 497 922 νόμος
509 840 604 920 λέγει.
633 835 707 903 όσοι
718 835 762 923 μη
775 841 984 924 ἐπεποίηντο,
995 842 1114 925 φησὶν,
1126 838 1181 908 ὅτε
1191 841 1265 909 Σό-

312 944 382 1003 λων
401 934 505 1023 εἰσῄει
526 941 572 1013 είς
591 931 653 1021 τὴν
674 931 797 1021 ἀρχὴν,
818 939 938 1016 ἐξεῖναι
954 936 1066 1018 αὐτοῖς
1083 944 1264 1008 διαθέσθαι

313 1030 401 1111 ότως
411 1028 455 1100 ἂν
466 1036 636 1101 ἐθέλωσιν.
662 1048 730 1112 τοϊς
742 1034 777 1102 δὲ
788 1045 978 1121 ποιηθεῖσιν
988 1033 1050 1104 οὐκ
1061 1035 1136 1116 ἐξὸν
1146 1041 1265 1106 διαθέ-
1316 1114 1318 1119 ¹

313 1140 410 1215 σθαι,
434 1128 517 1199 ἄλλό
535 1137 658 1211 ζῶντας
671 1134 949 1218 ἐγκαταλιπόντας
963 1133 1040 1202 υίδν
1050 1135 1191 1221 γνήσιον
1204 1141 1265 1222 ἐτι-ε4

312 1234 448 1318 αυιέναι,
460 1225 483 1316 ἢ
494 1229 749 1318 τελευτήσαντας
759 1231 956 1303 ἀποδιδόναι
966 1233 1028 1320 την
1039 1240 1264 1321 κληρονομίαν

311 1344 378 1408 τοίς
388 1333 420 1410 ἐξ
431 1327 531 1417 ἀρχῆς
541 1336 673 1409 οἰκείοις
683 1325 759 1398 οὖσι
769 1341 830 1399 τοῦ
842 1336 1074 1420 ποιησαμένου.

749 1623 829 1679 XLV.

311 1775 432 1844 ΚΑΤΑ
460 1775 727 1844 ΣΤΕΦΑΝΟΥ
752 1775 1208 1881 ΨΕΥΛΟΜΑΡΤΤΡΙῼΝ
1219 1777 1258 1845 Α.

641 1946 936 2004 ῬΠΟΘΕΣΙΣ

304 2068 401 2160 Ὅτε’
400 2081 644 2190 Αττολλόδωρος”
626 2111 722 2168 εκρινε
735 2090 942 2187 Φορμίωνα
905 2111 957 2166 της
969 2076 1138 2190 τραπέζης’
1121 2109 1263 2188 αφορμην

312 2165 495 2276 ε’γιιαλῶν,“
483 2196 498 2233 ο
518 2162 596 2232 δὲ
565 2194 626 2270 την
642 2172 729 2250 δίκην
746 2165 973 2273 παρεγράψατο,
996 2161 1181 2270 ὁΣτέφανος
1202 2160 1261 2250 μετ’

313 2252 410 2318 ἄλλων
419 2260 508 2316 τινῶν
518 2249 696 2361 ἐμαρτύρησε
710 2248 914 2357 Φορμίων’
895 2279 933 2328 ως
951 2276 1015 2354 αρα
1026 2245 1107 2332 ὃμὲν
1120 2255 1263 2335 Φορμίων

311 2333 503 2421 προόκαλειτο
521 2334 770 2439 Ἀπολλόδωρον,
779 2335 863 2401 εί’
821 2365 863 2419 μη
885 2354 977 2417 φησιν
997 2331 1164 2418 ἀντίγραφα
1185 2333 1264 2400 εἶναι
1272 2331 1334 2391 1Ῑο1

311 2428 370 2486 τῶν
381 2425 587 2524 διαθηκῶν
547 2446 606 2483 των
618 2427 671 2483 τοῦ
682 2415 816 2524 πατρὸς
801 2424 885 2484 Πασί
884 2445 975 2522 ωνος,
997 2424 1149 2503 Φορμίωνι
1164 2443 1263 2504 τιαρα-

309 2512 391 2610 σχεῖν
407 2499 524 2582 ἄνοι’ξαι
539 2499 591 2578 τὰς
608 2501 769 2608 διαθηκας
778 2499 884 2584 αότας,
907 2499 943 2580 δίς
965 2507 1022 2582 ἔχει
1042 2530 1093 2566 και
1083 2505 1265 2588 παρέχεται

309 2584 448 2690 Ἀμφίας,
469 2585 686 2670 Ἀπολλόδωρος
702 2589 734 2652 δὲ
751 2584 880 2672 ἆνοίγειν
897 2584 953 2650 οὐκ
970 2585 1131 2692 ἠθέλησεν,
1154 2590 1265 2654 ἔστιδὲ

314 2666 490 2776 ἀντίγραφα
490 2671 606 2736 τόδε
567 2698 625 2735 των
637 2675 842 2752 διαθηκῶν
802 2698 861 2736 των
868 2675 1031 2747 Πασίωνος
1052 2670 1163 2778 ταότην
1174 2675 1264 2779 ἔμαρ-

313 2755 443 2839 τόρησαν
459 2782 514 2837 την
525 2759 688 2856 μαρτυρίαν
704 2759 735 2818 ολ
749 2757 815 2839 τιερί
825 2758 1019 2860 Στέφανον,
1013 2765 1065 2819 τοῦ
1079 2751 1263 2823 Ἀπολλοδό-

315 2864 367 2923 ρον
379 2842 511 2941 λέγοντος
522 2833 595 2902 κατὰ
612 2863 665 2901 του
651 2835 882 2940 Φορμίωνος’
863 2866 902 2914 ως
915 2834 977 2944 όιρα
987 2834 1039 2914 τδς
1051 2839 1200 2946 διαθηκας
1211 2845 1263 2906 τιέ-

312 2931 406 2987 πλακε
417 2918 510 2986 καί
482 2948 515 2986 το
528 2918 597 2986 όλον
613 2928 734 3023 πρᾶγμα
750 2920 925 3030 σκευώρημα
942 2925 1027 2988 ἐστιν.
1048 2921 1186 3030 ηττηθείς
1202 2929 1263 2991 τοί-

313 3033 370 3070 νυν
379 3033 433 3088 την
446 3010 532 3088 δίκην
540 3002 780 3108 Ἀπολλόδωρος
765 3007 839 3091 νπὲρ
850 3014 901 3089 τῆς
913 3005 1102 3093 μαρτυρίαςτ
1083 3037 1122 3086 ως
1132 3014 1265 3091 ψευδοῦς
1285 3042 1287 3047 ·

313 3087 441 3176 οόσης
412 3118 452 3155 τω
439 3087 610 3178 Στεφόνω
622 3089 776 3166 δικαζεται.

676 3222 893 3245 .{—-.....—

395 3303 829 3386 Καταψευδομαρτυρηθείς,
844 3327 870 3369 ω
858 3293 1018 3387 όνδρες’
1013 3313 1192 3391 Αθηναῖοι,
1208 3307 1267 3374 καί

218 3448 225 3457 ,
313 3392 464 3460 ταθων“
448 3394 513 3462 υιιδ
529 3404 723 3517 Φορμίωνος
733 3396 908 3485 υβριστικα
919 3402 973 3468 καί
985 3402 1077 3470 δεινοὶ
1089 3407 1187 3490 δίκην
1197 3427 1266 3472 αα-

313 3487 356 3574 ρὰ
372 3515 441 3557 των
457 3494 610 3561 αίτίων”
587 3523 657 3580 ηκω
674 3496 860 3584 ληψόμενος
879 3497 959 3582 παρ’
976 3500 1065 3587 ὑμῖν.
1097 3506 1211 3588 δέομαι
1228 3506 1267 3570 δὲ

313 3586 448 3656 πάντων
464 3587 559 3675 ὑμῶν
576 3596 631 3661 καὶ
648 3595 784 3663 ίκετεόω
802 3597 856 3662 καί
871 3593 1034 3683 όντιβολω
1051 3623 1186 3684 τρωτου
1201 3601 1264 3686 μὲν

202 3782 211 3791 ⁶
313 3685 471 3766 εδνοίκως
494 3685 639 3778 ἀκοῦσαί
659 3718 741 3780 μου
774 3695 857 3780 μέγα
877 3693 942 3782 γὰρ
966 3711 1034 3777 τοῖς
1050 3696 1264 3786 ἠτυχηκόσιν,
