<?xml version="1.0" encoding="UTF-8"?>
<!DOCTYPE html PUBLIC "-//W3C//DTD XHTML 1.0 Transitional//EN"
    "http://www.w3.org/TR/xhtml1/DTD/xhtml1-transitional.dtd">
<html xmlns="http://www.w3.org/1999/xhtml" xml:lang="en" lang="en">
 <head>
  <title>
</title>
<meta http-equiv="Content-Type" content="text/html;charset=utf-8" />
  <meta name='ocr-system' content='tesseract 3.04.00' />
  <meta name='ocr-capabilities' content='ocr_page ocr_carea ocr_par ocr_line ocrx_word'/>
</head>
<body>
  <div class='ocr_page' id='page_1' title='image "./orationesexrece02demogoog_0079.png"; bbox 0 0 3159 4409; ppageno 0'>
   <div class='ocr_carea' id='block_1_1' title="bbox 514 483 1253 581">
    <p class='ocr_par' dir='ltr' id='par_1_1' title="bbox 514 483 1253 581">
     <span class='ocr_line' id='line_1_1' title="bbox 514 483 1253 581; baseline 0.008 -37"><span class='ocrx_word' id='word_1_1' title='bbox 514 483 658 545; x_wconf 83' lang='grc' dir='ltr'><em>ΚΑΤΑ</em></span> <span class='ocrx_word' id='word_1_2' title='bbox 687 484 977 581; x_wconf 72' lang='grc' dir='ltr'><em>ΣΤΕΦΑΝΟΤ</em></span> <span class='ocrx_word' id='word_1_3' title='bbox 1004 487 1045 547; x_wconf 90' lang='grc' dir='ltr'><em>Α.</em></span> <span class='ocrx_word' id='word_1_4' title='bbox 1213 485 1253 550; x_wconf 84' lang='grc'><em>73</em></span> 
     </span>
    </p>
   </div>
   <div class='ocr_carea' id='block_1_2' title="bbox 255 639 1327 1600">
    <p class='ocr_par' dir='ltr' id='par_1_2' title="bbox 255 639 1327 1600">
     <span class='ocr_line' id='line_1_2' title="bbox 302 639 1254 732; baseline 0.004 -21"><span class='ocrx_word' id='word_1_5' title='bbox 302 645 354 712; x_wconf 79' lang='grc' dir='ltr'><em>ἐπὶ</em></span> <span class='ocrx_word' id='word_1_6' title='bbox 369 652 427 730; x_wconf 85' lang='grc' dir='ltr'><em>τής</em></span> <span class='ocrx_word' id='word_1_7' title='bbox 443 648 600 730; x_wconf 74' lang='grc' dir='ltr'><em>τραπέζης</em></span> <span class='ocrx_word' id='word_1_8' title='bbox 615 644 740 730; x_wconf 76' lang='grc' dir='ltr'><em>ὄντων,</em></span> <span class='ocrx_word' id='word_1_9' title='bbox 762 641 784 710; x_wconf 75' lang='grc' dir='ltr'><em>δέ</em></span> <span class='ocrx_word' id='word_1_10' title='bbox 803 645 924 722; x_wconf 89' lang='grc' dir='ltr'><em>ποίντες</em></span> <span class='ocrx_word' id='word_1_11' title='bbox 934 644 1123 732; x_wconf 82' lang='grc' dir='ltr'><em>ήδεσανκαί</em></span> <span class='ocrx_word' id='word_1_12' title='bbox 1134 639 1254 715; x_wconf 75' lang='grc' dir='ltr'><em>λαθείν</em></span> 
     </span>
     <span class='ocr_line' id='line_1_3' title="bbox 301 735 1253 831; baseline 0.002 -21"><span class='ocrx_word' id='word_1_13' title='bbox 301 739 364 810; x_wconf 85' lang='grc' dir='ltr'><em>ούκ</em></span> <span class='ocrx_word' id='word_1_14' title='bbox 381 735 441 828; x_wconf 90' lang='grc' dir='ltr'><em>ήν,</em></span> <span class='ocrx_word' id='word_1_15' title='bbox 466 742 519 809; x_wconf 81' lang='grc' dir='ltr'><em>διδι</em></span> <span class='ocrx_word' id='word_1_16' title='bbox 529 747 591 809; x_wconf 83' lang='grc' dir='ltr'><em>τού</em></span> <span class='ocrx_word' id='word_1_17' title='bbox 603 748 866 828; x_wconf 81' lang='grc' dir='ltr'><em>προσοφείλοντα</em></span> <span class='ocrx_word' id='word_1_18' title='bbox 877 741 1048 828; x_wconf 78' lang='grc' dir='ltr'><em>ἀποφῆναι</em></span> <span class='ocrx_word' id='word_1_19' title='bbox 1058 742 1119 814; x_wconf 84' lang='grc' dir='ltr'><em>τὸν</em></span> <span class='ocrx_word' id='word_1_20' title='bbox 1129 749 1253 831; x_wconf 89' lang='grc' dir='ltr'><em>πατέρα</em></span> 
     </span>
     <span class='ocr_line' id='line_1_4' title="bbox 299 838 1320 930; baseline 0.004 -23"><span class='ocrx_word' id='word_1_21' title='bbox 299 838 413 928; x_wconf 82' lang='grc' dir='ltr'><em>ήμῶν,</em></span> <span class='ocrx_word' id='word_1_22' title='bbox 435 839 495 925; x_wconf 79' lang='grc' dir='ltr'><em>ἵν’,</em></span> <span class='ocrx_word' id='word_1_23' title='bbox 518 840 582 908; x_wconf 83' lang='grc' dir='ltr'><em>ὅσοι</em></span> <span class='ocrx_word' id='word_1_24' title='bbox 601 844 797 927; x_wconf 74' lang='grc' dir='ltr'><em>ἐξελέγχοιτο</em></span> <span class='ocrx_word' id='word_1_25' title='bbox 818 847 919 927; x_wconf 83' lang='grc' dir='ltr'><em>ἔχων,</em></span> <span class='ocrx_word' id='word_1_26' title='bbox 944 850 1141 927; x_wconf 79' lang='grc' dir='ltr'><em>κεκομίσθαι</em></span> <span class='ocrx_word' id='word_1_27' title='bbox 1161 851 1252 930; x_wconf 83' lang='grc' dir='ltr'><strong><em>φαίη.</em></strong></span> <span class='ocrx_word' id='word_1_28' title='bbox 1307 887 1320 895; x_wconf 78' lang='lat'><em>—</em></span> 
     </span>
     <span class='ocr_line' id='line_1_5' title="bbox 276 932 1253 1029; baseline 0.003 -23"><span class='ocrx_word' id='word_1_29' title='bbox 276 932 279 937; x_wconf 42' lang='lat'>¹</span> <span class='ocrx_word' id='word_1_30' title='bbox 301 937 392 1026; x_wconf 79' lang='grc' dir='ltr'><em>ὑμεῖς</em></span> <span class='ocrx_word' id='word_1_31' title='bbox 405 937 437 1006; x_wconf 86' lang='grc' dir='ltr'><em>δ’</em></span> <span class='ocrx_word' id='word_1_32' title='bbox 450 949 530 1018; x_wconf 88' lang='grc' dir='ltr'><em>ίσως</em></span> <span class='ocrx_word' id='word_1_33' title='bbox 541 938 644 1008; x_wconf 88' lang='grc' dir='ltr'><em>αύτδν</em></span> <span class='ocrx_word' id='word_1_34' title='bbox 654 937 872 1026; x_wconf 77' lang='grc' dir='ltr'><em>ὑπειλήφατε,</em></span> <span class='ocrx_word' id='word_1_35' title='bbox 884 938 936 1008; x_wconf 81' lang='grc' dir='ltr'><em>ὅτι</em></span> <span class='ocrx_word' id='word_1_36' title='bbox 947 946 1169 1029; x_wconf 70' lang='grc' dir='ltr'><em>σολοικιζειτῇ</em></span> <span class='ocrx_word' id='word_1_37' title='bbox 1180 968 1253 1026; x_wconf 88' lang='grc' dir='ltr'><em>φω-</em></span> 
     </span>
     <span class='ocr_line' id='line_1_6' title="bbox 301 1037 1327 1126; baseline -0.002 -21"><span class='ocrx_word' id='word_1_38' title='bbox 301 1046 360 1126; x_wconf 81' lang='grc' dir='ltr'><em>νή,</em></span> <span class='ocrx_word' id='word_1_39' title='bbox 372 1037 546 1125; x_wconf 79' lang='grc' dir='ltr'><em>βάρβαρον</em></span> <span class='ocrx_word' id='word_1_40' title='bbox 556 1037 1019 1126; x_wconf 80' lang='grc' dir='ltr'><em>καίεύκαταφρόνητονείναι.</em></span> <span class='ocrx_word' id='word_1_41' title='bbox 1046 1044 1113 1106; x_wconf 81' lang='grc' dir='ltr'><em>ἔστι</em></span> <span class='ocrx_word' id='word_1_42' title='bbox 1124 1039 1160 1108; x_wconf 72' lang='grc' dir='ltr'><em>δέ</em></span> <span class='ocrx_word' id='word_1_43' title='bbox 1170 1041 1327 1126; x_wconf 77' lang='grc' dir='ltr'><em>βαρ-1111</em></span> 
     </span>
     <span class='ocr_line' id='line_1_7' title="bbox 300 1129 1255 1228; baseline 0.001 -25"><span class='ocrx_word' id='word_1_44' title='bbox 300 1143 403 1222; x_wconf 84' lang='grc' dir='ltr'><em>βαρος</em></span> <span class='ocrx_word' id='word_1_45' title='bbox 421 1129 519 1216; x_wconf 80' lang='grc' dir='ltr'><em>οὗτος</em></span> <span class='ocrx_word' id='word_1_46' title='bbox 534 1146 581 1228; x_wconf 76' lang='grc' dir='ltr'><em>τῷ</em></span> <span class='ocrx_word' id='word_1_47' title='bbox 591 1152 698 1223; x_wconf 82' lang='grc' dir='ltr'><em>μισείν</em></span> <span class='ocrx_word' id='word_1_48' title='bbox 715 1137 773 1217; x_wconf 82' lang='grc' dir='ltr'><em>ούς</em></span> <span class='ocrx_word' id='word_1_49' title='bbox 790 1137 881 1228; x_wconf 75' lang='grc' dir='ltr'><em>αὐτῷ</em></span> <span class='ocrx_word' id='word_1_50' title='bbox 901 1146 1048 1224; x_wconf 89' lang='grc' dir='ltr'><em>προσήκε</em></span> <span class='ocrx_word' id='word_1_51' title='bbox 1069 1145 1186 1223; x_wconf 82' lang='grc' dir='ltr'><em>τιμᾶν·</em></span> <span class='ocrx_word' id='word_1_52' title='bbox 1197 1145 1255 1227; x_wconf 76' lang='grc' dir='ltr'><em>τῷ</em></span> 
     </span>
     <span class='ocr_line' id='line_1_8' title="bbox 301 1233 1256 1323; baseline 0.004 -22"><span class='ocrx_word' id='word_1_53' title='bbox 301 1233 336 1303; x_wconf 75' lang='grc' dir='ltr'><em>δέ</em></span> <span class='ocrx_word' id='word_1_54' title='bbox 347 1244 573 1322; x_wconf 76' lang='grc' dir='ltr'><em>κακουργῆσαι</em></span> <span class='ocrx_word' id='word_1_55' title='bbox 583 1239 637 1304; x_wconf 83' lang='grc' dir='ltr'><em>καλ</em></span> <span class='ocrx_word' id='word_1_56' title='bbox 648 1238 799 1323; x_wconf 86' lang='grc' dir='ltr'><em>διορύξαι</em></span> <span class='ocrx_word' id='word_1_57' title='bbox 810 1237 985 1322; x_wconf 78' lang='grc' dir='ltr'><em>πράγματα</em></span> <span class='ocrx_word' id='word_1_58' title='bbox 995 1233 1135 1315; x_wconf 87' lang='grc' dir='ltr'><em>ούδενδς</em></span> <span class='ocrx_word' id='word_1_59' title='bbox 1146 1243 1256 1305; x_wconf 89' lang='grc' dir='ltr'><em>λείπε-</em></span> 
     </span>
     <span class='ocr_line' id='line_1_9' title="bbox 255 1332 1254 1422; baseline 0.005 -24"><span class='ocrx_word' id='word_1_60' title='bbox 255 1351 289 1406; x_wconf 81' lang='lat'><em>31</em></span> <span class='ocrx_word' id='word_1_61' title='bbox 299 1358 361 1399; x_wconf 93' lang='grc' dir='ltr'><em>ται.</em></span> <span class='ocrx_word' id='word_1_62' title='bbox 393 1339 473 1420; x_wconf 79' lang='grc' dir='ltr'><em>λαβὲ</em></span> <span class='ocrx_word' id='word_1_63' title='bbox 484 1332 524 1421; x_wconf 85' lang='grc' dir='ltr'><em>δή</em></span> <span class='ocrx_word' id='word_1_64' title='bbox 542 1334 604 1421; x_wconf 82' lang='grc' dir='ltr'><em>τήν</em></span> <span class='ocrx_word' id='word_1_65' title='bbox 621 1342 806 1421; x_wconf 86' lang='grc' dir='ltr'><em>μίσθωσιν,</em></span> <span class='ocrx_word' id='word_1_66' title='bbox 830 1338 886 1403; x_wconf 81' lang='grc' dir='ltr'><em>καὶ</em></span> <span class='ocrx_word' id='word_1_67' title='bbox 902 1340 992 1422; x_wconf 82' lang='grc' dir='ltr'><em>λέγε,</em></span> <span class='ocrx_word' id='word_1_68' title='bbox 1014 1332 1058 1421; x_wconf 77' lang='grc' dir='ltr'><em>ἣν</em></span> <span class='ocrx_word' id='word_1_69' title='bbox 1072 1333 1133 1403; x_wconf 83' lang='grc' dir='ltr'><em>τὸν</em></span> <span class='ocrx_word' id='word_1_70' title='bbox 1149 1333 1254 1413; x_wconf 86' lang='grc' dir='ltr'><em>αύτόν</em></span> 
     </span>
     <span class='ocr_line' id='line_1_10' title="bbox 298 1431 932 1521; baseline 0.003 -23"><span class='ocrx_word' id='word_1_71' title='bbox 298 1431 423 1517; x_wconf 87' lang='grc' dir='ltr'><em>τρόπον</em></span> <span class='ocrx_word' id='word_1_72' title='bbox 434 1431 488 1499; x_wconf 81' lang='grc' dir='ltr'><em>διὰ</em></span> <span class='ocrx_word' id='word_1_73' title='bbox 500 1433 714 1520; x_wconf 87' lang='grc' dir='ltr'><em>προκλήσεως</em></span> <span class='ocrx_word' id='word_1_74' title='bbox 725 1434 932 1521; x_wconf 79' lang='grc' dir='ltr'><em>ἐνεβάλοντο.</em></span> 
     </span>
     <span class='ocr_line' id='line_1_11' title="bbox 521 1530 1032 1600; baseline 0.002 -3"><span class='ocrx_word' id='word_1_75' title='bbox 521 1530 762 1600; x_wconf 73' lang='grc' dir='ltr'><strong><em>ΜῙΣΘΩΣΙΣ</em></strong></span> <span class='ocrx_word' id='word_1_76' title='bbox 783 1540 1032 1600; x_wconf 86' lang='grc' dir='ltr'><em>ΤΡΑΠΕΖΗΣ.</em></span> 
     </span>
    </p>
   </div>
   <div class='ocr_carea' id='block_1_3' title="bbox 340 1629 1331 2220">
    <p class='ocr_par' dir='ltr' id='par_1_3' title="bbox 340 1629 1331 2220">
     <span class='ocr_line' id='line_1_12' title="bbox 425 1629 1292 1717; baseline 0.004 -23"><span class='ocrx_word' id='word_1_77' title='bbox 425 1629 521 1714; x_wconf 77' lang='grc' dir='ltr'><em>[Κατὰ</em></span> <span class='ocrx_word' id='word_1_78' title='bbox 532 1629 600 1696; x_wconf 86' lang='grc' dir='ltr'><em>τύδε</em></span> <span class='ocrx_word' id='word_1_79' title='bbox 616 1635 761 1714; x_wconf 77' lang='grc' dir='ltr'><em>ἐμίσθωσε</em></span> <span class='ocrx_word' id='word_1_80' title='bbox 771 1631 944 1697; x_wconf 89' lang='grc' dir='ltr'><em>Πασίων</em></span> <span class='ocrx_word' id='word_1_81' title='bbox 912 1659 967 1716; x_wconf 84' lang='grc' dir='ltr'><em>τήν</em></span> <span class='ocrx_word' id='word_1_82' title='bbox 984 1629 1127 1716; x_wconf 79' lang='grc' dir='ltr'><em>τράπεζαν</em></span> <span class='ocrx_word' id='word_1_83' title='bbox 1142 1636 1292 1717; x_wconf 88' lang='grc' dir='ltr'><em>Φορμί-</em></span> 
     </span>
     <span class='ocr_line' id='line_1_13' title="bbox 342 1718 1254 1819; baseline 0.004 -42"><span class='ocrx_word' id='word_1_84' title='bbox 342 1741 411 1778; x_wconf 91' lang='grc' dir='ltr'><em>ωνι·</em></span> <span class='ocrx_word' id='word_1_85' title='bbox 433 1720 581 1796; x_wconf 84' lang='grc' dir='ltr'><em>μίσθωσιν</em></span> <span class='ocrx_word' id='word_1_86' title='bbox 599 1718 702 1819; x_wconf 86' lang='grc' dir='ltr'><em>φέρειν</em></span> <span class='ocrx_word' id='word_1_87' title='bbox 712 1721 925 1800; x_wconf 80' lang='grc' dir='ltr'><em>Φορμίωνα</em></span> <span class='ocrx_word' id='word_1_88' title='bbox 888 1743 939 1800; x_wconf 81' lang='grc' dir='ltr'><em>της</em></span> <span class='ocrx_word' id='word_1_89' title='bbox 949 1719 1089 1817; x_wconf 77' lang='grc' dir='ltr'><em>τραπέζης</em></span> <span class='ocrx_word' id='word_1_90' title='bbox 1099 1726 1159 1792; x_wconf 83' lang='grc' dir='ltr'><em>τοῖς</em></span> <span class='ocrx_word' id='word_1_91' title='bbox 1169 1720 1254 1781; x_wconf 89' lang='grc' dir='ltr'><em>παισι</em></span> 
     </span>
     <span class='ocr_line' id='line_1_14' title="bbox 341 1797 1254 1905; baseline 0.004 -44"><span class='ocrx_word' id='word_1_92' title='bbox 341 1807 402 1874; x_wconf 86' lang='grc' dir='ltr'><em>τοῖς</em></span> <span class='ocrx_word' id='word_1_93' title='bbox 419 1803 575 1876; x_wconf 80' lang='grc' dir='ltr'><em>Πασίωνος</em></span> <span class='ocrx_word' id='word_1_94' title='bbox 592 1797 646 1864; x_wconf 90' lang='grc' dir='ltr'><em>δύο</em></span> <span class='ocrx_word' id='word_1_95' title='bbox 663 1798 792 1865; x_wconf 82' lang='grc' dir='ltr'><em>τύλαντα</em></span> <span class='ocrx_word' id='word_1_96' title='bbox 809 1803 859 1865; x_wconf 82' lang='grc' dir='ltr'><em>καὶ</em></span> <span class='ocrx_word' id='word_1_97' title='bbox 864 1799 1088 1905; x_wconf 72' lang='grc' dir='ltr'><em>τετταράκοντα</em></span> <span class='ocrx_word' id='word_1_98' title='bbox 1104 1807 1180 1881; x_wconf 81' lang='grc' dir='ltr'><em>μνᾶς</em></span> <span class='ocrx_word' id='word_1_99' title='bbox 1201 1809 1254 1865; x_wconf 84' lang='grc' dir='ltr'><em>τοῦ</em></span> 
     </span>
     <span class='ocr_line' id='line_1_15' title="bbox 341 1879 1253 1987; baseline 0.003 -42"><span class='ocrx_word' id='word_1_100' title='bbox 341 1884 503 1946; x_wconf 81' lang='grc' dir='ltr'><em>ἕνιαντοῦ</em></span> <span class='ocrx_word' id='word_1_101' title='bbox 488 1882 624 1966; x_wconf 84' lang='grc' dir='ltr'><em>εκύστον,</em></span> <span class='ocrx_word' id='word_1_102' title='bbox 637 1886 723 1968; x_wconf 78' lang='grc' dir='ltr'><em>χωρίς</em></span> <span class='ocrx_word' id='word_1_103' title='bbox 734 1892 785 1966; x_wconf 80' lang='grc' dir='ltr'><em>τῆς</em></span> <span class='ocrx_word' id='word_1_104' title='bbox 797 1879 873 1949; x_wconf 85' lang='grc' dir='ltr'><em>καθ’</em></span> <span class='ocrx_word' id='word_1_105' title='bbox 886 1880 999 1968; x_wconf 77' lang='grc' dir='ltr'><em>ἡμέραν</em></span> <span class='ocrx_word' id='word_1_106' title='bbox 1010 1885 1194 1987; x_wconf 78' lang='grc' dir='ltr'><em>διοικήσεως·</em></span> <span class='ocrx_word' id='word_1_107' title='bbox 1212 1883 1253 1967; x_wconf 86' lang='grc' dir='ltr'><em>μή</em></span> 
     </span>
     <span class='ocr_line' id='line_1_16' title="bbox 341 1963 1253 2072; baseline 0.003 -43"><span class='ocrx_word' id='word_1_108' title='bbox 341 1967 446 2043; x_wconf 74' lang='grc' dir='ltr'><em>ἐξεῖναι</em></span> <span class='ocrx_word' id='word_1_109' title='bbox 464 1967 496 2030; x_wconf 80' lang='grc' dir='ltr'><em>δὲ</em></span> <span class='ocrx_word' id='word_1_110' title='bbox 512 1974 726 2068; x_wconf 80' lang='grc' dir='ltr'><em>τραπεζιτεῦσαι</em></span> <span class='ocrx_word' id='word_1_111' title='bbox 743 1971 838 2072; x_wconf 83' lang='grc' dir='ltr'><em>χωρις</em></span> <span class='ocrx_word' id='word_1_112' title='bbox 851 1973 1017 2052; x_wconf 89' lang='grc' dir='ltr'><em>Φορμίωνι,</em></span> <span class='ocrx_word' id='word_1_113' title='bbox 1041 1963 1145 2033; x_wconf 79' lang='grc' dir='ltr'><em>ἕαν</em></span> <span class='ocrx_word' id='word_1_114' title='bbox 1110 1997 1149 2050; x_wconf 84' lang='grc' dir='ltr'><em>μή</em></span> <span class='ocrx_word' id='word_1_115' title='bbox 1168 1973 1253 2072; x_wconf 75' lang='grc' dir='ltr'><em>πείσῃ</em></span> 
     </span>
     <span class='ocr_line' id='line_1_17' title="bbox 340 2045 1331 2157; baseline 0.003 -44"><span class='ocrx_word' id='word_1_116' title='bbox 340 2045 408 2126; x_wconf 81' lang='grc' dir='ltr'><em>τούς</em></span> <span class='ocrx_word' id='word_1_117' title='bbox 424 2056 532 2127; x_wconf 87' lang='grc' dir='ltr'><em>παῖδας</em></span> <span class='ocrx_word' id='word_1_118' title='bbox 548 2049 615 2127; x_wconf 79' lang='grc' dir='ltr'><em>τούς</em></span> <span class='ocrx_word' id='word_1_119' title='bbox 626 2057 792 2128; x_wconf 90' lang='grc' dir='ltr'><em>Πασίωνος.</em></span> <span class='ocrx_word' id='word_1_120' title='bbox 823 2047 933 2157; x_wconf 85' lang='grc' dir='ltr'><em>ρφείλει</em></span> <span class='ocrx_word' id='word_1_121' title='bbox 950 2054 982 2116; x_wconf 76' lang='grc' dir='ltr'><em>δέ</em></span> <span class='ocrx_word' id='word_1_122' title='bbox 992 2059 1117 2118; x_wconf 90' lang='grc' dir='ltr'><em>Πασίων</em></span> <span class='ocrx_word' id='word_1_123' title='bbox 1135 2051 1230 2116; x_wconf 77' lang='grc' dir='ltr'><em>ἐπὶ</em></span> <span class='ocrx_word' id='word_1_124' title='bbox 1198 2077 1254 2134; x_wconf 82' lang='grc' dir='ltr'><em>τήν</em></span> <span class='ocrx_word' id='word_1_125' title='bbox 1328 2059 1331 2065; x_wconf 89' lang='grc'><strong>’</strong></span> 
     </span>
     <span class='ocr_line' id='line_1_18' title="bbox 340 2133 1140 2220; baseline 0.004 -23"><span class='ocrx_word' id='word_1_126' title='bbox 340 2133 484 2218; x_wconf 77' lang='grc' dir='ltr'><em>τράπεζαν</em></span> <span class='ocrx_word' id='word_1_127' title='bbox 495 2137 599 2200; x_wconf 75' lang='grc' dir='ltr'><em>ἕνδεκα</em></span> <span class='ocrx_word' id='word_1_128' title='bbox 609 2133 737 2200; x_wconf 85' lang='grc' dir='ltr'><em>τύλαντα</em></span> <span class='ocrx_word' id='word_1_129' title='bbox 749 2133 831 2212; x_wconf 87' lang='grc' dir='ltr'><em>είς</em></span> <span class='ocrx_word' id='word_1_130' title='bbox 800 2163 851 2212; x_wconf 90' lang='grc' dir='ltr'><em>τας</em></span> <span class='ocrx_word' id='word_1_131' title='bbox 864 2135 1128 2220; x_wconf 84' lang='grc' dir='ltr'><em>παρακαταθήκας</em></span> <span class='ocrx_word' id='word_1_132' title='bbox 1130 2143 1140 2218; x_wconf 92' lang='grc'>]</span> 
     </span>
    </p>
   </div>
   <div class='ocr_carea' id='block_1_4' title="bbox 253 2227 1282 3804">
    <p class='ocr_par' dir='ltr' id='par_1_4' title="bbox 253 2227 1282 3010">
     <span class='ocr_line' id='line_1_19' title="bbox 253 2227 1253 2353; baseline 0.003 -57"><span class='ocrx_word' id='word_1_133' title='bbox 253 2257 290 2310; x_wconf 77' lang='lat'><em>32</em></span> <span class='ocrx_word' id='word_1_134' title='bbox 374 2227 430 2309; x_wconf 89' lang='grc' dir='ltr'><em>Ας</em></span> <span class='ocrx_word' id='word_1_135' title='bbox 445 2232 506 2316; x_wconf 71' lang='grc' dir='ltr'><em>μὲν</em></span> <span class='ocrx_word' id='word_1_136' title='bbox 516 2241 631 2300; x_wconf 88' lang='grc' dir='ltr'><em>τοίνυν</em></span> <span class='ocrx_word' id='word_1_137' title='bbox 643 2237 823 2353; x_wconf 80' lang='grc' dir='ltr'><em>παρέσχετο</em></span> <span class='ocrx_word' id='word_1_138' title='bbox 835 2231 1044 2318; x_wconf 69' lang='grc' dir='ltr'><em>σννθήκας’</em></span> <span class='ocrx_word' id='word_1_139' title='bbox 1020 2260 1066 2312; x_wconf 91' lang='grc' dir='ltr'><em>ως</em></span> <span class='ocrx_word' id='word_1_140' title='bbox 1076 2261 1159 2301; x_wconf 88' lang='grc' dir='ltr'><em>κατα</em></span> <span class='ocrx_word' id='word_1_141' title='bbox 1170 2233 1253 2301; x_wconf 88' lang='grc' dir='ltr'><em>ταύ-</em></span> 
     </span>
     <span class='ocr_line' id='line_1_20' title="bbox 298 2323 1253 2417; baseline 0 -21"><span class='ocrx_word' id='word_1_142' title='bbox 298 2354 355 2408; x_wconf 88' lang='grc' dir='ltr'><em>τας</em></span> <span class='ocrx_word' id='word_1_143' title='bbox 371 2332 626 2417; x_wconf 78' lang='grc' dir='ltr'><em>μισθωσάμενος</em></span> <span class='ocrx_word' id='word_1_144' title='bbox 643 2333 705 2417; x_wconf 85' lang='grc' dir='ltr'><em>τήν</em></span> <span class='ocrx_word' id='word_1_145' title='bbox 715 2333 899 2415; x_wconf 76' lang='grc' dir='ltr'><em>τράπεζαν,</em></span> <span class='ocrx_word' id='word_1_146' title='bbox 922 2323 1020 2397; x_wconf 82' lang='grc' dir='ltr'><em>αὗταί</em></span> <span class='ocrx_word' id='word_1_147' title='bbox 1031 2325 1181 2415; x_wconf 88' lang='grc' dir='ltr'><em>είσιν,</em></span> <span class='ocrx_word' id='word_1_148' title='bbox 1154 2359 1180 2399; x_wconf 89' lang='grc' dir='ltr'><em>ω</em></span> <span class='ocrx_word' id='word_1_149' title='bbox 1191 2331 1253 2396; x_wconf 79' lang='grc' dir='ltr'><em>ἄν·</em></span> 
     </span>
     <span class='ocr_line' id='line_1_21' title="bbox 299 2427 1254 2514; baseline 0.001 -20"><span class='ocrx_word' id='word_1_150' title='bbox 299 2432 374 2514; x_wconf 88' lang='grc' dir='ltr'><em>δρες</em></span> <span class='ocrx_word' id='word_1_151' title='bbox 384 2433 542 2497; x_wconf 88' lang='grc' dir='ltr'><em>δικασταί.</em></span> <span class='ocrx_word' id='word_1_152' title='bbox 574 2427 715 2496; x_wconf 81' lang='grc' dir='ltr'><em>ύκούετε</em></span> <span class='ocrx_word' id='word_1_153' title='bbox 726 2427 758 2494; x_wconf 84' lang='grc' dir='ltr'><em>δ’</em></span> <span class='ocrx_word' id='word_1_154' title='bbox 772 2431 809 2496; x_wconf 86' lang='grc' dir='ltr'><em>έν</em></span> <span class='ocrx_word' id='word_1_155' title='bbox 819 2429 953 2506; x_wconf 86' lang='grc' dir='ltr'><em>ταύταις</em></span> <span class='ocrx_word' id='word_1_156' title='bbox 965 2427 1254 2512; x_wconf 81' lang='grc' dir='ltr'><em>ἀναγιγνωσκομέ-</em></span> 
     </span>
     <span class='ocr_line' id='line_1_22' title="bbox 298 2522 1254 2614; baseline -0.003 -19"><span class='ocrx_word' id='word_1_157' title='bbox 298 2553 371 2606; x_wconf 85' lang='grc' dir='ltr'><em>ναις</em></span> <span class='ocrx_word' id='word_1_158' title='bbox 382 2536 549 2614; x_wconf 84' lang='grc' dir='ltr'><em>μίσθωσιν</em></span> <span class='ocrx_word' id='word_1_159' title='bbox 560 2526 622 2613; x_wconf 75' lang='grc' dir='ltr'><em>μέν</em></span> <span class='ocrx_word' id='word_1_160' title='bbox 633 2529 750 2612; x_wconf 85' lang='grc' dir='ltr'><em>φέρειν</em></span> <span class='ocrx_word' id='word_1_161' title='bbox 761 2534 899 2610; x_wconf 78' lang='grc' dir='ltr'><em>τοῦτον,</em></span> <span class='ocrx_word' id='word_1_162' title='bbox 919 2525 1002 2593; x_wconf 81' lang='grc' dir='ltr'><em>δίνεν</em></span> <span class='ocrx_word' id='word_1_163' title='bbox 1012 2532 1070 2611; x_wconf 92' lang='grc' dir='ltr'><em>τής</em></span> <span class='ocrx_word' id='word_1_164' title='bbox 1079 2522 1160 2592; x_wconf 88' lang='grc' dir='ltr'><em>καθ’</em></span> <span class='ocrx_word' id='word_1_165' title='bbox 1173 2523 1254 2611; x_wconf 86' lang='grc' dir='ltr'><em>ήμέ-</em></span> 
     </span>
     <span class='ocr_line' id='line_1_23' title="bbox 299 2625 1253 2714; baseline -0.001 -21"><span class='ocrx_word' id='word_1_166' title='bbox 299 2653 362 2711; x_wconf 92' lang='grc' dir='ltr'><em>ραν</em></span> <span class='ocrx_word' id='word_1_167' title='bbox 381 2627 590 2714; x_wconf 77' lang='grc' dir='ltr'><em>διοικήσεως,</em></span> <span class='ocrx_word' id='word_1_168' title='bbox 613 2625 676 2692; x_wconf 89' lang='grc' dir='ltr'><em>δύο</em></span> <span class='ocrx_word' id='word_1_169' title='bbox 692 2626 837 2694; x_wconf 77' lang='grc' dir='ltr'><em>τάλαντα</em></span> <span class='ocrx_word' id='word_1_170' title='bbox 853 2627 908 2692; x_wconf 82' lang='grc' dir='ltr'><em>καὶ</em></span> <span class='ocrx_word' id='word_1_171' title='bbox 920 2625 1159 2710; x_wconf 78' lang='grc' dir='ltr'><em>τετταράκοντα</em></span> <span class='ocrx_word' id='word_1_172' title='bbox 1169 2634 1253 2710; x_wconf 81' lang='grc' dir='ltr'><em>μνᾶς</em></span> 
     </span>
     <span class='ocr_line' id='line_1_24' title="bbox 297 2723 1253 2812; baseline -0.001 -20"><span class='ocrx_word' id='word_1_173' title='bbox 297 2734 360 2793; x_wconf 83' lang='grc' dir='ltr'><em>τοῦ</em></span> <span class='ocrx_word' id='word_1_174' title='bbox 388 2730 543 2794; x_wconf 84' lang='grc' dir='ltr'><em>ένιαντού</em></span> <span class='ocrx_word' id='word_1_175' title='bbox 564 2726 722 2812; x_wconf 82' lang='grc' dir='ltr'><em>ἑκοίστον,</em></span> <span class='ocrx_word' id='word_1_176' title='bbox 750 2723 795 2812; x_wconf 88' lang='grc' dir='ltr'><em>μή</em></span> <span class='ocrx_word' id='word_1_177' title='bbox 817 2725 936 2805; x_wconf 82' lang='grc' dir='ltr'><em>έξεϊναι</em></span> <span class='ocrx_word' id='word_1_178' title='bbox 957 2723 993 2793; x_wconf 75' lang='grc' dir='ltr'><em>δέ</em></span> <span class='ocrx_word' id='word_1_179' title='bbox 1012 2725 1253 2807; x_wconf 80' lang='grc' dir='ltr'><em>τραπεζιτεύειν</em></span> 
     </span>
     <span class='ocr_line' id='line_1_25' title="bbox 299 2821 1253 2914; baseline -0.002 -23"><span class='ocrx_word' id='word_1_180' title='bbox 299 2821 407 2913; x_wconf 78' lang='grc' dir='ltr'><em>αὐτῷ,</em></span> <span class='ocrx_word' id='word_1_181' title='bbox 430 2824 490 2893; x_wconf 79' lang='grc' dir='ltr'><em>ἐὰν</em></span> <span class='ocrx_word' id='word_1_182' title='bbox 507 2823 551 2911; x_wconf 86' lang='grc' dir='ltr'><em>μή</em></span> <span class='ocrx_word' id='word_1_183' title='bbox 568 2822 654 2911; x_wconf 82' lang='grc' dir='ltr'><em>ήμοῑς</em></span> <span class='ocrx_word' id='word_1_184' title='bbox 672 2830 776 2914; x_wconf 80' lang='grc' dir='ltr'><em>πείσῃ.</em></span> <span class='ocrx_word' id='word_1_185' title='bbox 807 2827 1072 2911; x_wconf 86' lang='grc' dir='ltr'><em>προσγέγραπται</em></span> <span class='ocrx_word' id='word_1_186' title='bbox 1089 2825 1125 2893; x_wconf 75' lang='grc' dir='ltr'><em>δὲ</em></span> <span class='ocrx_word' id='word_1_187' title='bbox 1139 2832 1253 2891; x_wconf 89' lang='grc' dir='ltr'><em>τελευ-</em></span> 
     </span>
     <span class='ocr_line' id='line_1_26' title="bbox 298 2921 1282 3010; baseline -0.001 -21"><span class='ocrx_word' id='word_1_188' title='bbox 298 2936 392 2991; x_wconf 81' lang='grc' dir='ltr'><em>ταῖον</em></span> <span class='ocrx_word' id='word_1_189' title='bbox 407 2921 552 3010; x_wconf 78' lang='grc' dir='ltr'><em>“ὀφείλει</em></span> <span class='ocrx_word' id='word_1_190' title='bbox 572 2925 608 2992; x_wconf 73' lang='grc' dir='ltr'><em>δέ</em></span> <span class='ocrx_word' id='word_1_191' title='bbox 618 2933 756 2992; x_wconf 89' lang='grc' dir='ltr'><em>Πασίων</em></span> <span class='ocrx_word' id='word_1_192' title='bbox 772 2926 890 2992; x_wconf 81' lang='grc' dir='ltr'><em>ἕνδεκα</em></span> <span class='ocrx_word' id='word_1_193' title='bbox 909 2924 1053 2992; x_wconf 78' lang='grc' dir='ltr'><em>τάλαντα</em></span> <span class='ocrx_word' id='word_1_194' title='bbox 1063 2924 1177 3002; x_wconf 80' lang='grc' dir='ltr'><em>εἰςτὰς</em></span> <span class='ocrx_word' id='word_1_195' title='bbox 1188 2945 1253 2988; x_wconf 91' lang='grc' dir='ltr'><em>πα-</em></span> <span class='ocrx_word' id='word_1_196' title='bbox 1280 3004 1282 3009; x_wconf 10' lang='lat' dir='ltr'>y</span> 
     </span>
    </p>

    <p class='ocr_par' dir='ltr' id='par_1_5' title="bbox 253 3016 1253 3207">
     <span class='ocr_line' id='line_1_27' title="bbox 253 3016 1252 3108; baseline 0 -20"><span class='ocrx_word' id='word_1_197' title='bbox 253 3040 289 3095; x_wconf 81' lang='lat'><em>33</em></span> <span class='ocrx_word' id='word_1_198' title='bbox 299 3021 560 3108; x_wconf 85' lang='grc' dir='ltr'><em>ρακαταθήκας.”</em></span> <span class='ocrx_word' id='word_1_199' title='bbox 586 3028 684 3091; x_wconf 62' lang='grc' dir='ltr'><em>’ἔστιν</em></span> <span class='ocrx_word' id='word_1_200' title='bbox 702 3016 764 3096; x_wconf 81' lang='grc' dir='ltr'><em>σύν</em></span> <span class='ocrx_word' id='word_1_201' title='bbox 780 3021 870 3103; x_wconf 84' lang='grc' dir='ltr'><em>ὅστις</em></span> <span class='ocrx_word' id='word_1_202' title='bbox 887 3019 929 3091; x_wconf 75' lang='grc' dir='ltr'><em>δν</em></span> <span class='ocrx_word' id='word_1_203' title='bbox 940 3031 1000 3092; x_wconf 85' lang='grc' dir='ltr'><em>τοῦ</em></span> <span class='ocrx_word' id='word_1_204' title='bbox 1013 3025 1116 3103; x_wconf 83' lang='grc' dir='ltr'><em>ξύλον</em></span> <span class='ocrx_word' id='word_1_205' title='bbox 1126 3024 1252 3089; x_wconf 80' lang='grc' dir='ltr'><em>καὶτοῦ</em></span> 
     </span>
     <span class='ocr_line' id='line_1_28' title="bbox 297 3118 1253 3207; baseline 0.002 -21"><span class='ocrx_word' id='word_1_206' title='bbox 297 3121 422 3205; x_wconf 82' lang='grc' dir='ltr'><em>χωρίον</em></span> <span class='ocrx_word' id='word_1_207' title='bbox 438 3121 575 3188; x_wconf 77' lang='grc' dir='ltr'><em>καὶτῶν</em></span> <span class='ocrx_word' id='word_1_208' title='bbox 590 3128 822 3207; x_wconf 89' lang='grc' dir='ltr'><em>γραμματείων</em></span> <span class='ocrx_word' id='word_1_209' title='bbox 837 3122 1004 3207; x_wconf 80' lang='grc' dir='ltr'><em>τοσαύτην</em></span> <span class='ocrx_word' id='word_1_210' title='bbox 1020 3118 1175 3205; x_wconf 78' lang='grc' dir='ltr'><em>ὑπέμεινε</em></span> <span class='ocrx_word' id='word_1_211' title='bbox 1191 3124 1253 3207; x_wconf 86' lang='grc' dir='ltr'><em>φέ-</em></span> 
     </span>
    </p>

    <p class='ocr_par' dir='ltr' id='par_1_6' title="bbox 265 3217 1252 3410">
     <span class='ocr_line' id='line_1_29' title="bbox 265 3217 1252 3307; baseline 0.005 -22"><span class='ocrx_word' id='word_1_212' title='bbox 265 3285 268 3291; x_wconf 84' lang='grc'><em>,</em></span> <span class='ocrx_word' id='word_1_213' title='bbox 298 3244 369 3301; x_wconf 88' lang='grc' dir='ltr'><em>ρειν</em></span> <span class='ocrx_word' id='word_1_214' title='bbox 379 3226 562 3304; x_wconf 84' lang='grc' dir='ltr'><em>μίσθωσιν;</em></span> <span class='ocrx_word' id='word_1_215' title='bbox 584 3225 653 3288; x_wconf 81' lang='grc' dir='ltr'><em>ἔστι</em></span> <span class='ocrx_word' id='word_1_216' title='bbox 665 3219 696 3288; x_wconf 86' lang='grc' dir='ltr'><em>δ’</em></span> <span class='ocrx_word' id='word_1_217' title='bbox 712 3219 802 3301; x_wconf 81' lang='grc' dir='ltr'><em>ὅστις</em></span> <span class='ocrx_word' id='word_1_218' title='bbox 812 3218 872 3307; x_wconf 73' lang='grc' dir='ltr'><em>ἄν,</em></span> <span class='ocrx_word' id='word_1_219' title='bbox 896 3220 941 3289; x_wconf 83' lang='grc' dir='ltr'><em>δι’</em></span> <span class='ocrx_word' id='word_1_220' title='bbox 954 3217 1184 3306; x_wconf 71' lang='grc' dir='ltr'><em>(ἲν-ὠφειλήκει</em></span> <span class='ocrx_word' id='word_1_221' title='bbox 1194 3247 1252 3290; x_wconf 89' lang='grc' dir='ltr'><em>το·</em></span> 
     </span>
     <span class='ocr_line' id='line_1_30' title="bbox 297 3316 1251 3410; baseline 0.006 -27"><span class='ocrx_word' id='word_1_222' title='bbox 297 3326 404 3384; x_wconf 83' lang='grc' dir='ltr'><em>σαῦτα</em></span> <span class='ocrx_word' id='word_1_223' title='bbox 415 3316 593 3404; x_wconf 86' lang='grc' dir='ltr'><em>χρήματαή</em></span> <span class='ocrx_word' id='word_1_224' title='bbox 604 3319 764 3407; x_wconf 76' lang='grc' dir='ltr'><em>τράπεζα,</em></span> <span class='ocrx_word' id='word_1_225' title='bbox 781 3323 888 3410; x_wconf 74' lang='grc' dir='ltr'><em>τούτῳ</em></span> <span class='ocrx_word' id='word_1_226' title='bbox 901 3320 939 3388; x_wconf 79' lang='grc' dir='ltr'><em>τδι</em></span> <span class='ocrx_word' id='word_1_227' title='bbox 950 3318 1048 3386; x_wconf 82' lang='grc' dir='ltr'><em>λοιπδι</em></span> <span class='ocrx_word' id='word_1_228' title='bbox 1061 3323 1251 3407; x_wconf 78' lang='grc' dir='ltr'><em>έπέτρεψεν;</em></span> 
     </span>
    </p>

    <p class='ocr_par' dir='ltr' id='par_1_7' title="bbox 262 3415 1252 3804">
     <span class='ocr_line' id='line_1_31' title="bbox 262 3415 1252 3506; baseline -0.001 -20"><span class='ocrx_word' id='word_1_229' title='bbox 262 3457 268 3462; x_wconf 82' lang='grc'><strong><em>·</em></strong></span> <span class='ocrx_word' id='word_1_230' title='bbox 297 3423 328 3486; x_wconf 86' lang='grc' dir='ltr'><em>εί</em></span> <span class='ocrx_word' id='word_1_231' title='bbox 335 3415 400 3502; x_wconf 80' lang='grc' dir='ltr'><em>γὰρ</em></span> <span class='ocrx_word' id='word_1_232' title='bbox 412 3419 563 3504; x_wconf 82' lang='grc' dir='ltr'><em>ε’νεδέησε</em></span> <span class='ocrx_word' id='word_1_233' title='bbox 573 3420 743 3488; x_wconf 86' lang='grc' dir='ltr'><em>τοσούτων</em></span> <span class='ocrx_word' id='word_1_234' title='bbox 752 3420 938 3506; x_wconf 79' lang='grc' dir='ltr'><em>χρημάτων,</em></span> <span class='ocrx_word' id='word_1_235' title='bbox 951 3419 1073 3486; x_wconf 87' lang='grc' dir='ltr'><em>τούτου</em></span> <span class='ocrx_word' id='word_1_236' title='bbox 1083 3423 1252 3488; x_wconf 85' lang='grc' dir='ltr'><em>διοικούν-</em></span> 
     </span>
     <span class='ocr_line' id='line_1_32' title="bbox 296 3510 1251 3605; baseline -0.001 -22"><span class='ocrx_word' id='word_1_237' title='bbox 296 3542 352 3593; x_wconf 90' lang='grc' dir='ltr'><em>τος</em></span> <span class='ocrx_word' id='word_1_238' title='bbox 363 3517 546 3601; x_wconf 78' lang='grc' dir='ltr'><em>ἐνεδέησεν.</em></span> <span class='ocrx_word' id='word_1_239' title='bbox 567 3526 634 3585; x_wconf 81' lang='grc' dir='ltr'><em>ίστε</em></span> <span class='ocrx_word' id='word_1_240' title='bbox 645 3518 709 3604; x_wconf 74' lang='grc' dir='ltr'><em>γὰρ</em></span> <span class='ocrx_word' id='word_1_241' title='bbox 722 3520 860 3599; x_wconf 79' lang='grc' dir='ltr'><em>πάντες,</em></span> <span class='ocrx_word' id='word_1_242' title='bbox 872 3519 927 3584; x_wconf 84' lang='grc' dir='ltr'><em>καὶ</em></span> <span class='ocrx_word' id='word_1_243' title='bbox 938 3515 988 3583; x_wconf 83' lang='grc' dir='ltr'><em>ὅτ’</em></span> <span class='ocrx_word' id='word_1_244' title='bbox 1000 3510 1043 3605; x_wconf 80' lang='grc' dir='ltr'><em>ἦν</em></span> <span class='ocrx_word' id='word_1_245' title='bbox 1053 3515 1071 3585; x_wconf 89' lang='grc' dir='ltr'>ὁ</span> <span class='ocrx_word' id='word_1_246' title='bbox 1081 3517 1187 3604; x_wconf 88' lang='grc' dir='ltr'><em>πατήρ</em></span> <span class='ocrx_word' id='word_1_247' title='bbox 1199 3516 1251 3583; x_wconf 81' lang='grc' dir='ltr'><em>ἐπὶ</em></span> 
     </span>
     <span class='ocr_line' id='line_1_33' title="bbox 296 3614 1251 3701; baseline -0.002 -20"><span class='ocrx_word' id='word_1_248' title='bbox 296 3621 357 3682; x_wconf 84' lang='grc' dir='ltr'><em>τοῦ</em></span> <span class='ocrx_word' id='word_1_249' title='bbox 375 3614 632 3700; x_wconf 81' lang='grc' dir='ltr'><em>τραπεζιτεύειν,</em></span> <span class='ocrx_word' id='word_1_250' title='bbox 654 3624 777 3684; x_wconf 82' lang='grc' dir='ltr'><em>τοῦτον</em></span> <span class='ocrx_word' id='word_1_251' title='bbox 788 3614 984 3701; x_wconf 85' lang='grc' dir='ltr'><em>καθήμενον</em></span> <span class='ocrx_word' id='word_1_252' title='bbox 994 3619 1050 3685; x_wconf 80' lang='grc' dir='ltr'><em>καί</em></span> <span class='ocrx_word' id='word_1_253' title='bbox 1062 3621 1251 3684; x_wconf 77' lang='grc' dir='ltr'><em>διοικοῦντα</em></span> 
     </span>
     <span class='ocr_line' id='line_1_34' title="bbox 298 3708 1250 3804; baseline -0.002 -24"><span class='ocrx_word' id='word_1_254' title='bbox 298 3715 350 3780; x_wconf 81' lang='grc' dir='ltr'><em>έπλ</em></span> <span class='ocrx_word' id='word_1_255' title='bbox 360 3721 401 3800; x_wconf 84' lang='grc' dir='ltr'><em>τή</em></span> <span class='ocrx_word' id='word_1_256' title='bbox 411 3714 561 3802; x_wconf 70' lang='grc' dir='ltr'><em>τραπέζῃ,</em></span> <span class='ocrx_word' id='word_1_257' title='bbox 575 3713 658 3782; x_wconf 80' lang='grc' dir='ltr'><em>έίστε</em></span> <span class='ocrx_word' id='word_1_258' title='bbox 670 3719 706 3782; x_wconf 86' lang='grc' dir='ltr'><em>έν</em></span> <span class='ocrx_word' id='word_1_259' title='bbox 717 3721 763 3804; x_wconf 73' lang='grc' dir='ltr'><em>τῷ</em></span> <span class='ocrx_word' id='word_1_260' title='bbox 775 3714 905 3799; x_wconf 88' lang='grc' dir='ltr'><em>μύλωνι</em></span> <span class='ocrx_word' id='word_1_261' title='bbox 914 3723 1081 3802; x_wconf 85' lang='grc' dir='ltr'><em>προσῆκεν</em></span> <span class='ocrx_word' id='word_1_262' title='bbox 1092 3710 1196 3779; x_wconf 87' lang='grc' dir='ltr'><em>αύτόν</em></span> <span class='ocrx_word' id='word_1_263' title='bbox 1204 3708 1250 3778; x_wconf 76' lang='grc' dir='ltr'><em>εί-</em></span> 
     </span>
    </p>
   </div>
   <div class='ocr_carea' id='block_1_5' title="bbox 0 0 1584 4409">
    <p class='ocr_par' dir='ltr' id='par_1_8' title="bbox 0 0 1584 4409">
     <span class='ocr_line' id='line_1_35' title="bbox 0 0 1584 4409; baseline 0 1"><span class='ocrx_word' id='word_1_264' title='bbox 0 0 1584 4409; x_wconf 95' lang='lat' dir='ltr'><em> </em></span> 
     </span>
    </p>
   </div>
  </div>
 </body>
</html>
