3159 4409
529 487 672 549 ΠΡΟΣ
691 475 1011 548 ΦΑΙΝΙΠΠΟΝ.
1197 486 1238 551 15

284 644 817 737 μίζουσιτωννόμωντηναὺτοῖν
827 652 1006 733 βδελυρίαν
1017 647 1117 732 εἶναι,
1135 651 1238 719 πλέον

282 748 419 826 τούτοις
428 755 490 816 τοῦ
502 751 633 815 δικαίου
645 750 772 833 νέμειν·
796 751 826 813 εί
842 747 878 814 δὲ
895 745 956 833 μὴ,
977 745 1119 826 πολλοὺς
1138 747 1237 836 ποιή-

258 906 261 913 .
285 866 360 916 σετε
376 844 457 924 τοὺς
471 844 719 931 καταγελῶντας
736 853 805 913 τῶν
826 849 864 914 ἐν
879 858 947 924 τοῖς
970 846 1085 931 νόμοις
1101 851 1237 915 δικαίων

284 947 540 1032 γεγραμμένων·
566 942 632 1012 ἀλλ’
646 948 783 1021 ἐκείνοις
799 950 955 1030 βοηθεῖν,
978 949 1095 1022 οἵτινες
1114 940 1157 1011 ἀν
1174 942 1236 1031 την

281 1052 354 1112 τῶν
371 1043 487 1130 νόμων
505 1041 624 1135 φωνὴν
642 1041 805 1129 ὑμετέραν
823 1041 907 1110 εἶναι
918 1048 1087 1128 νομίζωσι,
1109 1044 1163 1110 καὶ
1175 1042 1236 1129 την

283 1139 414 1231 ἡμέραν
425 1139 560 1228 ταύτην,
571 1138 634 1227 την
644 1147 690 1220 είς
700 1139 736 1208 τό
749 1142 978 1229 δικαστήριον,
989 1140 1073 1229 ὑπὲρ
1085 1151 1152 1209 των
1163 1139 1237 1227 ἠδι-

242 1257 276 1312 {6
284 1243 441 1328 κηρίνων
451 1239 535 1308 εἶναι
546 1247 711 1326 νομίζωσι,
719 1238 763 1326 μη
775 1249 844 1308 τῶν
855 1239 1070 1326 ἠδικηκότων.
1083 1242 1158 1326 λέγε
1168 1247 1237 1308 τοῖν

284 1339 405 1427 ἀρτίως
416 1341 599 1425 εἰρημένων
609 1337 667 1418 τάς
678 1344 860 1425 μαρτυρίας
870 1343 923 1407 καὶ
934 1336 1012 1417 τοὺς
1023 1339 1154 1425 νόμους.

532 1445 791 1523 Mamm.
820 1444 984 1505 NOMOI.

374 1543 516 1623 Τοιαῦτα
533 1542 666 1621 τοίνυν,
690 1529 718 1602 τό
735 1537 854 1621 ἀνδρες
872 1536 1036 1618 δικασταὶ,
1060 1534 1237 1617 πεπονθώς

286 1639 352 1722 ἐγω
365 1633 430 1703 ὑπὸ
444 1642 639 1702 Φαινίππου
647 1632 890 1720 ἀπεγραψάμην
907 1633 990 1721 πρὸς
1006 1633 1084 1714 τοὺς
1095 1657 1236 1725 στρατη-

284 1731 371 1821 γυὺς
380 1735 503 1821 ταύτην
513 1731 798 1821 τὴνάπογραφήν.
821 1738 904 1816 λέγε.

631 1838 887 1900 ΑΠΟΓΡΑΦΗ.
1246 1858 1313 1913 1044

244 1953 276 2008 17
370 1936 449 2010 Πῶς
461 1923 523 1997 οὑν
536 1930 642 2010 ἄλλως
653 1929 737 2018 πρὸς
748 1938 818 1997 τῶν
828 1920 922 1999 θεῶν
932 1935 986 1999 καὶ
998 1931 1186 2019 δαιμόνων,
1208 1927 1236 2002 ἀ

284 2028 576 2115 ἀνδρεςδικασταί,
589 2027 1236 2116 έπιδεικνόεινὺμῑνδεῑΦαίνιππονἔνο·
1320 2029 1325 2037 ’

284 2153 347 2214 χον
358 2124 789 2214 όντατοίςάνεγνωσμένοις
811 2124 1085 2218 ἢὺνπερτρόπον
1096 2130 1160 2215 ἐγω
1171 2141 1237 2200 νῦν

285 2226 500 2304 ἐπιδεικνὺως
523 2223 592 2294 ἀλλ’
611 2226 700 2314 ὅμως
722 2230 778 2315 ἐμὲ
800 2224 1029 2314 ἀντεγράψατο
1051 2237 1237 2310 Φαίνιππος

285 2321 331 2411 μὴ
355 2328 489 2402 δικαίως
510 2320 709 2410 ἀποφαίνειν
728 2325 789 2412 την
812 2325 946 2395 οὐσίαν·
979 2327 1068 2395 οὑτω
1095 2328 1132 2397 τὸ
1154 2328 1237 2413 πρὸς

284 2421 375 2510 ὑμᾶς
383 2423 570 2504 ψεύδεσθαι
581 2438 649 2502 τοϊς
660 2425 824 2503 τοιούτοις
834 2427 953 2513 ῥᾴδιόν
964 2431 1046 2493 ἐστι·
1070 2431 1237 2514 καλκατη-

281 2535 383 2608 γορεί
388 2529 452 2589 τοῦ
462 2519 566 2609 ὅρκου
578 2520 618 2591 δν
631 2520 745 2609 ὤμοσα
756 2522 820 2609 πρὸ
832 2530 890 2609 τῆς
900 2522 1116 2609 ἀποφάσεως,
1128 2530 1236 2612 λέγων
1316 2523 1318 2527 ”

284 2620 337 2689 ὅτι
356 2619 446 2708 πλὴν
468 2629 536 2689 τῶν
556 2624 593 2689 έν
610 2636 677 2700 τοῖς
694 2626 801 2707 ἔργοις
822 2621 1014 2709 ὑπεσχόμην
1046 2622 1235 2709 ἀποφανεῖν

242 2756 246 2773 ‚
283 2717 349 2807 τὴν
359 2714 465 2806 ἀλλην
477 2718 611 2804 οὑσίαν,
630 2720 741 2805 ὥσπερ
752 2719 789 2789 τό
807 2719 890 2807 κατά
905 2722 984 2802 τοὺς
994 2723 1118 2809 νόμους
1128 2721 1236 2809 ὀμνύ-

242 2845 273 2900 ις
283 2845 352 2904 ειν,
363 2816 463 2887 ’τοῦτ’
477 2817 571 2898 ἀξιον
586 2827 783 2906 κατηγορίας
799 2818 849 2888 όν,
879 2818 971 2907 ὑμεῖς
983 2820 1015 2888 δ’
1027 2831 1112 2905 ίστε,
1136 2814 1235 2889 &biv-

284 2922 363 3004 δρες
373 2919 535 3003 δικασταὶ,
548 2915 654 3005 (ὑμεῖς
664 2917 728 3004 γάρ
740 2925 878 3007 ἔθεσθε)
892 2919 951 2988 τόν
961 2920 1078 3006 νόμον,
1091 2916 1128 2996 ὃς
1139 2922 1235 3004 διαρ-

284 3015 394 3104 ρήδην
406 3013 494 3084 οὑτω
506 3019 602 3102 λέγει,
615 3015 692 3096 τοὺς
703 3016 735 3106 δ’
744 3016 969 3097 ἀντιδιδόντας
978 3018 1140 3105 ἀλλήλοις,
1153 3015 1234 3086 ὅταν

283 3112 468 3203 ὀμόσαντες
477 3114 688 3200 ἀποφαίνωσι
703 3116 766 3204 την
776 3116 905 3205 οὐσίαν,
919 3116 1143 3205 προσομνύειν
1154 3116 1233 3185 τόν·

283 3219 321 3283 δε
331 3213 395 3284 τόν
406 3214 510 3302 ὅρκον
522 3214 712 3300 ’ἀποφανοῖ
732 3215 794 3302 την
811 3214 929 3285 οὐσίαν
945 3215 1007 3301 τὴν
1018 3221 1161 3302 ἐμαυτοῦ
1172 3211 1233 3299 όρ·

278 3311 374 3392 “Me
383 3318 445 3384 καὶΙ
452 3320 601 3401 δικαίως,
620 3313 707 3401 πλὴν
723 3323 791 3383 τῶν
803 3319 840 3384 ἐν
855 3330 922 3394 τοῖς
932 3320 1038 3400 ἔργοις
1049 3326 1115 3392 τοῖς
1126 3310 1232 3398 ἀργυ-

242 3407 417 3499 ις“ρείοις,
436 3411 500 3480 ὅσα
516 3417 550 3480 οί
564 3412 662 3498 νόμοι
678 3412 776 3499 ἀτελῆ
788 3409 1029 3499 πεποιήκασιν.”
1056 3413 1232 3498 μᾶλλονδὲ

281 3513 358 3595 λέγε
367 3508 430 3579 τὸν
439 3504 546 3596 νόμον
557 3509 669 3579 αὐτόν.
691 3509 812 3598 μικρὸν
824 3511 883 3597 μὲν
894 3502 972 3595 οὑν,
985 3509 1137 3594 ίκετεὺω,
1161 3512 1232 3576 ἐπί-

283 3627 367 3694 σχες.
397 3605 462 3692 ἐγώ
478 3605 544 3694 γάρ
560 3611 793 3693 καὶπρότερον
805 3609 1076 3695 προεκαλεσάμην
1088 3613 1232 3674 Φαίνιπ-

283 3732 349 3777 πον
363 3709 421 3777 καὶ
438 3713 516 3792 νῦν,
529 3699 684 3794 ἀάυδρες
696 3710 860 3794 δικασταὶ,
872 3712 988 3794 δίδωμι
999 3703 1091 3796 αὐτῷ
1101 3700 1231 3789 δωρεάυ
