3159 4409
487 471 630 533 ΚΑΤΑ
652 467 1004 532 ΣΤΕΦΑΝΟΤΒ.
1028 473 1031 479 ’
1148 464 1215 539 ,97

260 628 605 810 ίκετεόιόβοηθῇσαιμ
606 701 732 810 ὲνίμοὶ,
742 721 992 810 τιμωρησασθαι
1001 722 1037 790 δὲ
1045 747 1122 803 τους
1131 725 1216 792 ἑτοι-

259 848 331 910 μοις
342 819 431 889 οὕτω
441 848 481 889 τα
470 819 600 908 ψευδῆ
615 828 883 907 μαρτυροῦντας,
900 817 984 903 ὑπέρ
996 846 1031 887 τε
1048 816 1216 906 ὑμῶναό-

260 927 330 987 τῶν
340 921 395 988 καί
406 923 487 1006 ἐμοῦ
498 922 553 986 καὶ
565 927 625 986 τοῦ
635 922 766 987 δικαίου
776 919 832 986 καὶ
844 925 911 986 τῶν
922 917 1046 1003 νόμων.

684 1244 787 1301 XLVII.

315 1394 436 1460 ΚΑΤΑ
457 1393 681 1462 ΕΥΕΡΙῸΥ
701 1395 785 1461 ΚΑΙ
810 1394 1169 1470 ΜΝΗΣΙΒΟΥΛΟΥ

514 1511 974 1580 ΨΕΥΔΟΜΑΡΤΥΡΙΩΝ.
1223 1522 1292 1578 1138

632 1676 855 1735 ΤΠΟΘΕΣΙΣ.

270 1812 524 1927 Ἐπειμομίυων’
505 1833 684 1932 Αθηηαίαν
710 1833 755 1938 είς
778 1832 930 1932 στρρτείαν
955 1803 1104 1932 ναυτικὴν
1124 1829 1216 1894 ἐνέδει

266 1908 358 2014 σκεόη
378 1909 521 2017 τριηρικά.
553 1910 696 1998 γράφεται
717 1906 772 1979 οόν
796 1911 962 2018 ψήφισμα
960 1908 1034 1978 κατά
1050 1913 1136 2020 τάχος
1156 1917 1214 1977 είσ-

265 1993 403 2100 πράττειν
413 1992 480 2073 τοός
490 1992 660 2078 ὀφείλοντας
670 1996 761 2081 σκεύη
771 2024 909 2106 τριηρικά
925 2023 961 2084 τη
948 1995 1070 2062 ’πόλιν
1091 1989 1171 2062 οὗτοι
1183 1998 1215 2061 δὲ
1277 2030 1282 2046 =

266 2071 342 2182 ἦσαν
353 2085 412 2142 ’τῶν
422 2081 794 2189 τετριηραρχηκότωντινίς.
818 2081 904 2159 ἄλλος
911 2074 1012 2164 μὲν
975 2108 1029 2146 ουν
1039 2080 1145 2157 όλλους
1156 2085 1214 2146 εἰσ-

263 2159 403 2263 πράττειν
419 2163 573 2269 ἕτόχθη,’
559 2192 575 2230 ο
593 2167 679 2230 δὲ
641 2194 697 2232 νυν
712 2162 763 2232 τόν
781 2162 869 2270 λόγον
886 2168 979 2249 λέγων
994 2163 1149 2248 Θεόφημον
1164 2166 1215 2229 καί

268 2244 455 2356 Δημοχάρην.
484 2244 688 2353 άχυωμονοῦσι
706 2245 792 2315 δὲ’
756 2260 856 2325 αυτοῖς
874 2255 961 2330 δίκην
982 2253 1063 2332 ἔλαχε
1081 2251 1132 2313 καί
1148 2246 1214 2312 εἷλε.

266 2333 319 2394 καί
335 2357 351 2395 ο
339 2325 421 2412 ’μὲν
433 2331 609 2435 Δημοχάρης
620 2329 846 2414 ἀποδέδωκεν,
833 2361 850 2398 ο
861 2337 894 2398 δὲ
907 2331 1059 2435 Θεόφημος
1071 2337 1113 2397 ἔτι
1125 2341 1215 2434 μεθο-

266 2407 452 2517 δευόμενος
432 2443 479 2498 ην.
484 2420 656 2521 ψηφισαμί
656 2444 709 2499 νης
719 2418 801 2482 δὲ
763 2443 816 2516 της
826 2413 966 2522 βουλῇς“
950 2440 1007 2502 οτηι
1024 2442 1066 2491 τις
1077 2441 1116 2478 αν
1127 2412 1216 2496 δόνη-

267 2525 317 2562 ται
328 2495 436 2604 τρόπῳ
443 2495 511 2576 τους
522 2499 691 2608 ὀφείλοντας
701 2491 935 2602 εἰσπράττειν,
914 2524 986 2582 ηκεν
988 2479 1085 2562 ἐπὶ
1054 2524 1109 2603 την
1122 2501 1218 2562 οἰκίαν

267 2607 321 2647 του
307 2564 547 2687 Θεοφημου
511 2609 595 2660 ουτος
613 2579 629 2648 ὅ
646 2590 703 2648 νῦν
721 2579 915 2664 δικαζόμενος.
955 2585 987 2647 ἐκ
1004 2577 1069 2648 δὲῗ
1041 2586 1184 2687 αψιμαχί
1183 2609 1218 2658 ας

266 2661 382 2773 πληγάς
399 2662 536 2770 ἀλλήλοις
552 2670 709 2771 ἐνέτειναν,
728 2669 779 2732 καί
796 2672 859 2732 αίκί
858 2695 892 2744 ας
910 2695 964 2734 κατ
962 2662 1118 2770 ’άλληλυν
1135 2670 1218 2741 δίκας

269 2746 451 2855 ἀπήνεγκαν,
450 2749 599 2858 ἑκάτερος
609 2750 734 2855 φάσκρυ
745 2748 796 2816 τόν
806 2755 904 2862 ἕτερον
914 2751 1053 2857 όρξαι
1012 2778 1071 2817 ταν
1082 2756 1217 2853 πληγῶν·

265 2860 354 2900 τουτο
368 2831 425 2920 γάρ
441 2863 480 2920 ην
496 2863 584 2920 ηκ
503 2833 584 2901 αίκ
583 2840 624 2900 ία.
646 2834 790 2940 πρότερος
808 2831 863 2902 οὖν
879 2831 1048 2902 εἰσελθῶν
1036 2862 1053 2901 ο
1067 2831 1220 2938 Θεόφημος

267 2923 427 3026 παρέσχετρ
446 2924 596 3006 μάρτυρας
613 2919 747 3024 Εὔεργον
767 2923 819 2985 καί
839 2927 1071 3023 Μνησίβουλον,
1097 2913 1150 2982 τόν
1166 2918 1220 2998 μὲν

269 2997 427 3107 νἰδελφον”
410 3031 482 3068 οντα
498 3008 618 3115 ἕαμτον,
633 2999 684 3071 τόν
695 3009 728 3070 δὲ
743 3004 895 3089 κηδεστήν.
924 3011 955 3070 οἱ
969 3007 1001 3069 δὲ
1004 2999 1220 3110 ἐμαρτύρησαν

268 3084 316 3151 ότι
332 3089 535 3193 Θεόφημος
503 3116 556 3171 μεν
574 3086 707 3172 ἐβούλετο
722 3085 957 3194 παραδουναι
926 3116 981 3171 την
998 3086 1163 3171 όινθρυπον
1179 3089 1220 3162 είς

270 3168 445 3277 βάσανον
414 3198 468 3254 την
478 3180 631 3259 παροῦσαν
647 3180 683 3260 τῇ
699 3173 791 3261 μάχη,
809 3168 846 3239 ἵν’
860 3178 927 3260 είπη
943 3178 1068 3256 βασανιζ
1052 3169 1219 3252 ζομίνητιό-

268 3281 351 3362 τερος
361 3254 519 3339 ἤρξατο
480 3283 538 3322 των
545 3264 699 3364 πληγῶν,
689 3265 780 3322 ταῦτα
794 3259 827 3321 δὲ
835 3257 1077 3359 προκαλουμένου
1086 3280 1137 3320 του
1123 3261 1219 3321 Θεο-

270 3341 373 3423 φήμαν
386 3342 437 3404 καί
446 3341 699 3425 παραδιδοντος
668 3367 723 3425 την
732 3339 924 3446 θεροπαιναν
932 3334 988 3404 οόκ
997 3341 1119 3418 ἐδέξατο.
1140 3343 1220 3442 τέλος

268 3427 345 3491 οί
313 3451 367 3507 μεν
378 3429 513 3491 δικασταί
523 3453 559 3531 τη
546 3430 714 3535 μαρτυρία
724 3427 893 3500 πεισθέντες
907 3420 982 3509 νπὲρ
987 3418 1196 3530 Θεοφήμου
1164 3449 1220 3505 την

204 3591 206 3595 y
272 3518 379 3593 ψῆφον
390 3507 537 3593 ἐμθεντο,
525 3512 586 3577 οδε
596 3491 732 3594 ἡττηθείς
748 3519 811 3587 τοῖς
821 3506 965 3594 μάρτυσιν
976 3505 1016 3586 ὦς
1026 3510 1297 3592 ψευσαμένοις-1139

253 3595 429 3676 δικάζεται.

642 3720 854 3730 ——-—

317 3786 452 3840 Demosth.
475 3780 595 3845 v01‚111.
1053 3783 1071 3843 Ἰ
