3159 4409
603 501 713 566 ΕΡΩ
726 502 915 565 ΤΙΚΟΣ.
1175 503 1237 571 325

289 662 368 744 τούς
391 667 446 732 καὶ
464 663 654 748 πεφυκότας
672 665 708 730 ἐκ
727 663 889 730 τοιούτων
909 664 1030 748 ἑτέρων
1048 665 1152 734 καλόν
1170 669 1240 735 ἐστι

289 761 330 830 τά
349 759 440 829 δεινά
459 757 761 847 εὐσχημονέστερον
777 768 846 829 των
858 761 970 829 άλλων
982 763 1146 848 φέροντας
1156 761 1239 848 ὁρᾶ-

245 867 280 922 36
290 872 372 930 σθαι
384 861 438 928 καλ
448 858 538 945 πάση
549 857 629 946 τύχη
645 864 836 946 χρωμένους
846 857 981 948 ὁμοίους
992 857 1086 929 εἶναι.
1109 863 1164 930 καλ
1174 861 1239 948 γάρ

289 964 426 1036 ἐκείνοις
435 953 523 1025 ταῦτ’
541 952 585 1025 άν
601 966 652 1043 εἴη
667 957 794 1044 μάλιστ’
812 962 850 1027 ἐν
866 958 980 1049 κόσμφ
995 962 1051 1028 καὶ
1068 967 1164 1050 τιμή,
1185 963 1240 1031 καλ

290 1057 379 1144 πάση
389 1061 430 1144 τῇ
440 1055 534 1123 πόλει
543 1057 599 1123 καλ
608 1069 677 1134 τοις
688 1061 765 1136 ζῶσι
782 1054 870 1125 ταῦτ’
885 1055 929 1126 ἂν
945 1059 1074 1141 ἐνέγκοι
1083 1065 1240 1145 πλείστην

289 1153 450 1234 εὐδοξίαν.
483 1151 628 1240 χαλεπὸν
645 1158 743 1241 πατρὶ
761 1159 816 1225 καλ
828 1159 925 1243 μητρὶ
936 1162 1064 1227 παίδων
1075 1165 1241 1245 στερηθῆ-

289 1281 345 1322 ναι
360 1255 415 1322 καλ
433 1253 567 1340 ἐρήμοις
584 1251 751 1323 εἶναιτῶν
772 1255 983 1325 οἰκειοτάτων
1002 1257 1239 1344 γηροτρόφων·

289 1349 413 1439 σεμνὸν
425 1355 463 1420 δέ
471 1377 509 1437 γε
521 1348 654 1439 άγήρως
661 1351 756 1440 τιμάς
764 1352 821 1423 καὶ
831 1355 965 1443 μνήμην
973 1353 1090 1442 άρετῆς
1100 1359 1241 1442 δημοσία

289 1453 514 1538 κτησαμένους
524 1456 658 1540 ἐπιδεῖν,
677 1456 732 1521 καὶ
743 1450 1242 1539 θυσιωνκαλάγάνωνήξιωμί-

246 1563 371 1629 37νονς
387 1547 578 1619 ἀθανάτων.
612 1550 766 1639 λυπηρὰν
785 1555 900 1621 παισὶν
922 1549 1083 1639 ὀρφανοῖς
1104 1558 1243 1638 γεγενή-

291 1660 373 1718 σθαι
384 1649 524 1731 πατρός·
549 1648 654 1718 καλὸν
671 1652 710 1718 δέ
724 1677 762 1737 γε
778 1660 998 1740 κληρονομεῖν
1013 1651 1168 1741 πατρῴας
1185 1647 1243 1718 εύ-

291 1754 410 1828 δοξίας.
439 1749 573 1817 καὶτοῦ
590 1748 651 1835 μὲν
668 1758 820 1838 λυπηροῦ
831 1751 955 1820 τούτου
964 1750 1025 1821 τὸν
1038 1755 1179 1836 δαίμονα
1189 1757 1243 1818 αι’-

291 1874 364 1916 τιον
383 1843 569 1936 εὑρήσομεν
594 1848 692 1934 ὅντα,
714 1841 743 1939 ᾧ
765 1849 894 1937 φύντας
914 1849 1118 1937 ἀνθρώπους
1141 1858 1243 1918 είκειν

292 1946 501 2034 άνάγκη,τού
511 1948 547 2017 δὲ
557 1956 667 2036 τιμίου
677 1951 731 2017 καὶ
742 1957 848 2018 καλωύ
856 1947 919 2037 τήν
929 1956 997 2018 τῶν
1006 1948 1242 2036 ἐθελησάντων

292 2054 401 2125 καλῶς
412 2046 643 2135 ἀποθνήσκειν
653 2051 787 2136 αἳρεσιν.

374 2144 455 2233 Ἐγά
473 2146 532 2233 μὲν
546 2140 611 2215 οάν
627 2145 688 2233 ούχ
705 2146 795 2227 ὅπως
811 2146 916 2216 πολλά
933 2150 1030 2231 λέξω,
1051 2143 1137 2214 τοῦτ’
1149 2150 1243 2214 ἐσκε-

296 2244 426 2331 ψάμην,
454 2243 521 2313 ἀλλ’
542 2244 631 2323 ὅπως
649 2243 788 2332 τάληθή.
826 2244 918 2331 ὑμεῖς
938 2250 973 2314 δὲ
994 2244 1244 2330 ἀποδυράμενοι

297 2347 352 2413 καί
378 2345 418 2412 τά
443 2344 656 2431 προσήκοντα
684 2342 728 2423 ὡς
760 2342 822 2431 χρή
849 2349 905 2428 καὶ
932 2344 1055 2429 νόμιμα
1083 2341 1244 2428 ποιήσαν-

296 2470 349 2524 τες
364 2443 467 2514 άπιτε.

736 2664 802 2721 LXI.

651 2793 902 2864 ΕΡΩΤΙΚΟΣ.

266 2934 270 2941 ’
289 2918 382 3005 Ἀλλ’
396 2934 569 3022 ἐπειδήπερ
586 2933 723 3003 άκούειν
740 2934 855 3022 βούλει
871 2933 1063 3018 τοῦλόγου,
1086 2936 1181 3010 δείξω
1192 2949 1244 2996 σοι
1254 2948 1319 3002 1401

297 3037 353 3100 καί
373 3029 615 3121 άναγνάσομαι,
655 3037 709 3101 δελ
727 3037 765 3100 δέ
784 3052 822 3100 σε
843 3031 905 3121 τήν
926 3038 1118 3116 προαίρεσιν
1139 3026 1246 3095 αύτού

298 3137 432 3216 πρῶτον
442 3133 571 3199 εἰδέναι.
601 3131 755 3218 βούλεται
772 3135 834 3219 μὲν
850 3127 943 3217 γάρὸ
957 3127 1017 3197 τὸν
1027 3127 1129 3212 λόγον
1139 3134 1246 3196 ποιῶν

298 3232 444 3298 ἐπαινεῖν
452 3227 673 3316 Ἐπικράτην,
696 3226 835 3321 ὃνιῷετο
851 3234 985 3297 πολλῶν
999 3228 1053 3293 καὶ
1063 3222 1246 3293 καλοῖνκά·

298 3335 417 3415 γαθεῖν
428 3327 538 3396 ὄντων
548 3332 733 3418 νέωνίυτή
744 3331 839 3398 πόλει
848 3328 1060 3414 χαριέστατον
1070 3320 1169 3407 εἶναι,
1191 3327 1246 3393 καὶ

299 3436 414 3496 πλεῖον
430 3435 471 3516 τῇ
486 3433 618 3498 συνέσει
631 3432 782 3517 προέχειν
795 3423 818 3513 ἢ
836 3434 883 3517 τῷ
898 3424 1012 3494 κάλλει
1028 3431 1097 3491 των
1111 3420 1246 3510 ἡλικιω-

299 3535 375 3595 των.
406 3525 541 3614 ὁρωνδ
554 3523 598 3607 ὡς
607 3531 685 3606 ίπος
695 3532 800 3595 εἰπεῖν
809 3521 849 3591 τὰ
861 3532 995 3592 πλεῖστα
1004 3527 1072 3588 τύν
1082 3522 1248 3606 ἐρωτικῶν

299 3627 539 3713 συνταγμάτων
550 3627 713 3713 αἰσχύνην
728 3631 857 3710 μᾶλλον
872 3618 895 3709 ή
911 3619 1009 3709 τιμήν
1025 3621 1248 3709 περιάπτοντα

298 3723 429 3804 τούτοις
438 3727 511 3810 περὶ
523 3715 571 3792 οἶν
582 3728 650 3793 ἐστι
660 3726 886 3810 γεγραμμένα,
907 3728 1007 3790 τούτο
1017 3718 1108 3800 ὅπως
1117 3716 1162 3805 μή
1174 3722 1248 3784 πεί-
