3159 4409
312 457 376 524 νε
411 414 414 419 ’
486 397 492 469 ”
528 459 607 517 ινα.
640 454 1055 519 Δααοεοααονπ

312 619 393 707 ἡμῖν
410 622 498 687 ἐστιν
516 615 533 685 ὁ
551 613 668 699 παρεόν
685 612 792 701 ἄγων,
814 612 883 683 ἀλλ’
894 612 977 703 ὑπὲρ
994 620 1122 702 γένους.
1155 617 1262 688 πολλοὶ

314 716 451 788 δουλικὰ
463 718 517 784 καὶ
535 711 672 784 ταπεινόν
689 713 864 801 πράγματα
874 713 954 794 τοῦς
963 717 1162 802 ἐλευθέρους
1172 713 1193 804 ή
1204 743 1264 786 πε-

312 825 367 888 νία
378 817 521 904 βιάζεται
532 828 656 900 ποιεῖν,
667 811 717 898 ἐφ’
729 808 778 891 οἷς
788 811 919 906 ἐλεοῖντ’
931 809 984 899 δν,
1000 806 1029 881 τό
1038 811 1158 899 ἄνδρες
1166 813 1265 903 Ἀθη

312 932 414 1004 ναῖοι,
439 915 648 1001 δικαιότερον
665 908 688 999 ή
704 912 1022 996 προσαπολλύοιντο.
1058 909 1103 992 ὥς
1118 911 1183 1001 γὰρ
1199 913 1263 1000 ἐγω
1310 980 1312 991 ,

313 1016 443 1102 ιἰκούω,
465 1016 584 1083 πολλαὶ
602 1014 657 1080 καὶ
673 1013 783 1080 τιτθαὶ
800 1013 854 1079 καὶ
871 1017 980 1098 ἐρνθοι
999 1013 1054 1079 καὶ
1069 1013 1264 1100 τρυγήτριαι

313 1117 490 1202 γεγόνασιν
500 1112 565 1182 ὑπὸ
576 1120 645 1182 τῶν
658 1119 716 1199 τῆς
724 1111 854 1190 πόλεως
865 1107 932 1179 κατ’
940 1114 1086 1190 ἐκείνους
1095 1109 1172 1190 τοῦς
1185 1111 1263 1198 χρό-

313 1242 394 1295 νους
405 1221 590 1301 συμφορῶν
600 1210 695 1280 ἀσταὶ
704 1225 875 1298 γυναῖκες,
892 1211 1010 1279 πολλαὶ
1021 1207 1053 1277 δ’
1065 1213 1101 1278 ἐκ
1112 1209 1263 1296 πενήτων

315 1314 473 1383 πλούσιαι
484 1321 559 1382 νῦν.
591 1310 660 1381 ἀλλ’
672 1309 773 1397 αὐτίχ’
785 1307 868 1394 ὑπὲρ
886 1308 1023 1379 τούτων.
1055 1316 1122 1376 νῦν
1138 1310 1174 1377 δὲ
1185 1306 1263 1388 τοῦς

313 1412 481 1499 μάρτυρας
492 1412 593 1481 κάλει.

659 1515 909 1606 ιικΡΤνγαπ
1002 1561 1031 1586 .,

270 1632 305 1690 45
400 1605 536 1676 Ούκοῦν
557 1606 608 1676 ότι
627 1609 691 1695 μὲν
711 1609 766 1677 καὶ
786 1607 827 1676 τό
843 1604 928 1690 πρὸς
945 1604 1069 1692 μητρός
1082 1610 1147 1691 εἰμι
1164 1603 1261 1683 ἀστός

314 1708 368 1773 καὶ
384 1704 425 1771 τοὶ
436 1704 518 1791 πρὸς
534 1704 673 1791 πατρὸς,
694 1705 734 1774 τό
744 1706 806 1792 μὲν
822 1708 855 1785 ἐξ
873 1697 921 1773 ύν
932 1702 1007 1791 όίρτι
1016 1705 1262 1792 μεμαρτύρηται

253 1886 256 1891 ¹
313 1803 524 1889 μεμαθήκατε
543 1803 679 1889 πάντες,
703 1803 743 1871 τοὶ
761 1801 793 1870 δ’
812 1805 845 1882 ἐξ
863 1793 912 1871 τόν
927 1800 1091 1886 πρότερον
1110 1804 1187 1884 περὶ
1202 1802 1261 1876 τοῦ

314 1900 446 1983 πατρός.
469 1899 588 1967 λοιπόν
601 1902 640 1968 δέ
648 1927 704 1986 μοι
723 1902 798 1985 περὶ
813 1902 958 1986 ἐμαυτοῦ
968 1901 1051 1986 πρὸς
1062 1897 1147 1986 ὑμᾶς
1158 1906 1260 1968 εἰπεῖν

314 1997 351 2066 τό
362 2000 423 2084 μὲν
433 1994 671 2082 ἁπλούστατον,
684 1998 783 2085 οἶμαι,
795 2001 850 2066 καὶ
862 1999 1085 2085 δικαιότατον,
1106 2003 1139 2079 ἐξ
1151 1997 1259 2086 ἄμφο-

313 2098 418 2183 τέρων
434 2095 536 2164 ἀστόν
553 2094 634 2164 όντα
650 2123 707 2183 με,
729 2099 1041 2185 κεκληρονομηκότα
1057 2100 1184 2184 καὶτῆς
1202 2095 1258 2165 οῦ-

315 2201 386 2273 σίας
403 2198 533 2263 καὶτοῦ
550 2197 684 2281 γένους,
708 2193 792 2262 εἶναι
803 2202 956 2283 πολίτην·
979 2195 1020 2264 ού
1028 2194 1099 2283 μήν
1109 2192 1194 2264 ἄλλα
1207 2196 1258 2264 καὶ

314 2294 353 2362 τὰ
370 2294 579 2381 προσήκοντα
600 2294 707 2362 πάντα
724 2297 871 2375 ἐπιδείξω
890 2294 1058 2382 μάρτυρας
1078 2294 1268 2390 παρεηόμε·ι
1313 2365 1315 2370 ,

313 2420 386 2480 νος,
411 2390 453 2473 ὦς
472 2393 632 2481 εἰσήχθην
648 2401 694 2473 εἰς
711 2390 788 2474 τούς
811 2392 991 2481 φράτερας,
1015 2391 1059 2472 ὡς
1075 2393 1259 2481 ἐνεγράφην

314 2499 359 2572 είς
369 2489 448 2571 τοῦς
464 2492 623 2578 δημότας,
649 2490 693 2572 ύς
709 2490 767 2560 ὑπ’
783 2491 896 2560 αύτῦν
912 2493 1042 2560 τούτων
1057 2501 1260 2582 προεκρίθην

313 2593 433 2670 ἐντοῖς
450 2589 694 2676 εὐγενεστάτοις
711 2599 920 2679 κληροῦσθαι
938 2600 995 2678 τής
1018 2591 1202 2678 ἱερωσύνης
1218 2595 1260 2680 τῷ

310 2687 477 2773 Ἡρακλεῖ,
496 2682 654 2775 εόςήρχον
665 2688 767 2776 ύρχδς
779 2695 1000 2776 δοκιμασθείς.
1030 2699 1089 2760 καί
1102 2718 1158 2778 μοι
1169 2692 1260 2759 κύλει

314 2813 444 2865 αντους.
553 2846 557 2857 ,

655 2894 909 2957 ΜΑΡΤΤΡΕΣ.

267 3008 302 3065 47
397 2982 533 3053 Οὐκοῦν
544 2983 665 3072 δεινόν,
679 2979 835 3073 ύύνδρες
846 2991 999 3054 δικασταί
1002 3015 1011 3068 3
1032 2992 1062 3054 εἰ
1072 2987 1260 3074 μὲνέλαχον

310 3082 427 3171 ἱερεύς,
440 3083 551 3172 ὥσπερ
562 3090 778 3172 προεκρίθην,
799 3090 866 3153 ἔδει
875 3085 919 3153 όν
929 3113 969 3172 με
981 3088 1035 3153 καὶ
1047 3082 1151 3153 αὐτόν
1160 3086 1259 3153 θύειν

310 3178 393 3267 ὑπὲρ
409 3183 540 3252 τούτων
555 3186 611 3252 καὶ
626 3191 746 3252 τοῦτον
763 3181 834 3270 μετ’
847 3188 930 3272 ἐμοῦ
946 3185 1126 3271 συνθύειν,
1149 3192 1214 3252 νῦν
1224 3182 1260 3252 δέ

309 3278 386 3357 τοῦς
403 3279 525 3362 αύτούς
541 3283 680 3362 τούτους
696 3286 750 3370 ἐμὲ
766 3280 840 3370 μεθ’
858 3283 971 3353 αὑτοῖν
992 3289 1074 3372 μηδὲ
1095 3284 1259 3352 συνθύειν

310 3376 387 3455 ἐᾶν;
409 3387 568 3466 φαίνομαι
579 3389 710 3469 τοίνυν,
735 3375 901 3468 οόόῖνδρες
915 3381 1101 3470 Ἀθηναῖοι,
1123 3379 1184 3449 τόν
1200 3384 1262 3468 μὲν

311 3470 413 3539 ἄλλον
422 3477 544 3561 χρόνον
554 3478 684 3548 ἅπαντα
695 3478 783 3566 παρόι
795 3489 876 3549 πᾶσι
885 3495 953 3560 τοῖς
962 3488 1029 3548 νῦν
1039 3487 1261 3566 κατηγοροῦσι

265 3597 300 3652 48
312 3577 445 3656 πολίτης
465 3569 731 3664 ὡμολογημένος·
762 3577 804 3647 ού
820 3578 885 3666 γὰρ
901 3575 945 3647 όὶν
963 3579 1072 3666 δήπου
1089 3579 1196 3664 τόνγε
1209 3579 1262 3658 ξέ-

308 3695 370 3738 νον
380 3672 434 3739 καὶ
443 3671 612 3762 μέτοικον,
631 3674 674 3755 ὡς
684 3684 749 3744 νῦν
760 3680 863 3764 φησὶν
873 3675 1097 3765 Εὐβουλίδης,
1120 3673 1185 3744 οὔτ’
1200 3673 1325 3762 oio-1314
