3159 4409
437 521 451 551 ς
489 480 647 542 -ΚΑΤΑ
677 481 971 542 ΣτασΑαον
996 485 1036 544 A.
1200 481 1243 546 σι

292 640 403 725 ῶσπερ
416 641 490 727 ἐγῶ,
502 646 692 728 δυνηθῆναι
701 641 776 726 περί
788 633 840 708 ῶν
854 642 1063 711 πεπόνθασιν
1074 649 1176 713 εἰπεῖν
1185 647 1241 713 καί

290 737 439 826 εὐμενῶς
460 738 604 825 ἐχόντων
625 738 722 826 ὑμῶν
742 737 917 824 ἀκροατῶν
937 756 1062 827 τυχεῖν·
1098 741 1156 811 εἶτ’
1180 741 1240 811 ἐάν

262 837 477 906 ῖάδικεῖσθαι
489 842 602 921 δοκῶ,
610 843 780 924 βοηθῆσαί
790 864 847 924 μοι
856 837 896 906 τά
910 844 1028 908 δίκαια.
1048 843 1193 920 ἐπιδείξω
1205 839 1235 909 δ’

290 934 372 1022 ὑμῖν
381 938 514 1004 τουτονί
523 941 702 1022 Στέφανον
714 940 769 1005 καὶ
781 937 1054 1025 μεμαρτυρηκότα
1068 936 1109 1006 τά
1121 945 1238 1026 ψευδῆ,

290 1038 345 1103 καὶ
357 1034 395 1103 δι’
408 1041 660 1124 αἰσχροκερδίαν
686 1043 784 1104 τοῦτο
799 1037 1011 1124 πεποιηκότα,
1027 1039 1082 1105 καὶ
1095 1036 1238 1123 κατηγο-
1246 1051 1315 1104 1102

291 1160 352 1219 ρον
363 1134 577 1220 αὐτὸναύτοῦ
585 1134 802 1222 γιγνόμενον·
816 1136 957 1222 τοσαύτη
969 1135 1167 1222 περιφάνεια
1178 1143 1239 1203 τοῦ

290 1234 480 1321 πράγματός
498 1239 595 1303 ἐστιν.
617 1238 649 1314 ἐξ
662 1233 763 1321 ἀρχῆς
775 1233 802 1301 δ’
815 1232 859 1313 ῶς
869 1232 913 1302 ἀν
923 1230 992 1314 οἷός
1001 1261 1036 1302 τε
1049 1228 1076 1303 ῶ
1087 1233 1142 1303 διά
1154 1242 1239 1321 βρα-

288 1333 440 1416 χυτάτων
457 1341 561 1402 εἰπεῖν
577 1332 775 1419 πειράσομαι
794 1332 834 1401 τά
851 1339 1064 1421 πεπραγμένα
1082 1362 1139 1421 μοι
1154 1332 1238 1420 πρδς

289 1438 486 1518 Φορμίωνα,
501 1433 534 1511 ἐξ
549 1423 597 1499 ῶν
607 1429 811 1511 ἀκούσαντες
821 1432 884 1518 τήν
897 1430 923 1499 τ’
935 1435 1063 1502 ἐκείνου
1074 1439 1238 1520 πονηρίαν

288 1533 345 1596 καὶ
355 1531 511 1615 τούτους,
523 1528 574 1597 ὅτι
585 1527 624 1596 τά
639 1534 746 1616 ψευδῆ
754 1530 1042 1624 μεμαρτυρήκασι,
1054 1532 1236 1617 γνώσεσθε.

259 1653 277 1706 3
372 1625 544 1713 Ἐγῶγδιρ,
565 1619 898 1714 ῶάνδρεςδικασταλ,
920 1633 1237 1719 πολλῶνχρημάτων

286 1722 356 1793 ὑπὸ
371 1732 433 1792 τοῦ
443 1723 567 1809 πατρὸς
576 1730 870 1813 καταλειφθέντων·
879 1753 952 1813 μοι,
967 1731 1021 1796 καί
1030 1739 1132 1799 ταῦτα
1145 1737 1237 1816 Φορ-

287 1832 413 1910 μίωνος
424 1829 570 1910 ἔχοντος,
591 1828 646 1893 καί
660 1831 708 1892 ἔτι
726 1823 811 1911 πρδς
824 1826 953 1905 τούτοις
963 1824 1024 1913 τὴν
1035 1831 1157 1916 μητέρα
1173 1830 1235 1916 γη’-

286 1948 411 2008 μαντος
424 1919 487 2007 την
503 1923 587 2008 ἐμὴν
605 1921 855 2009 ἀποδημοῦντος
865 1926 948 2010 ε’μοῦ
964 1928 1104 2014 δημοσίᾳ
1120 1952 1235 2013 τριηρ-

287 2029 469 2106 αρχοῦντος
487 2019 568 2109 ῦμῖν
586 2019 647 2102 (δυ
661 2022 857 2108 τρόπονςδὲ,
876 2019 937 2090 οὐκ
955 2033 1033 2103 ίσως
1049 2026 1153 2092 καλὸν
1169 2031 1237 2093 υἱεῖ

286 2120 361 2205 περί
386 2116 508 2206 μητρδς
531 2117 675 2206 ἀκριβῶς
699 2126 838 2204 εἰπεῖν),
871 2121 982 2207 ἐπειδὴ
1006 2123 1234 2203 καταπλεύσας

286 2215 444 2304 η’σθύμην
456 2218 562 2285 καίτοι
577 2220 790 2304 πεπραγμένα
805 2217 911 2303 εἶδον,
929 2218 1034 2287 πολλὰ
1047 2218 1234 2309 ἀγανακτή-

288 2336 346 2394 σας
356 2318 411 2384 καί
421 2323 569 2401 χαλεπῶς
580 2318 725 2401 ἐνεγκῶν
737 2321 834 2401 δίκην
844 2318 905 2401 μὲν
916 2314 976 2399 οὐχ
986 2311 1055 2393 οἷός
1063 2311 1138 2403 τ’ἦν
1146 2323 1233 2386 ίδίαν

257 2434 276 2486 1
289 2424 399 2500 λαχεῖν
413 2412 467 2491 (οὐ
478 2406 641 2499 γάρ-ἦσαν
654 2417 689 2480 ἐν
700 2421 747 2498 τῶ
757 2412 831 2480 τότε
842 2418 945 2498 καιρῷ
962 2415 1060 2494 δίκαι,
1075 2411 1143 2480 ἀλλ’
1155 2412 1234 2480 άυε-

288 2515 452 2601 βάλλεσθε
464 2508 557 2597 ὑμεῖς
567 2509 621 2579 διά
634 2511 694 2578 τδν
710 2509 885 2594 πόλεμον),
902 2506 1038 2594 γραφὴν
1054 2511 1090 2577 δὲ
1106 2508 1234 2595 ὕβρεως

287 2613 460 2698 γράφομαι
480 2608 565 2696 πρὸς
586 2608 665 2690 τούς
681 2611 890 2695 θεσμοθέτας
906 2604 1017 2676 αὐτόν.
1054 2610 1177 2694 χρόνου
1197 2609 1233 2680 δὲ

286 2714 497 2796 γιγνομένου,
510 2711 564 2777 καλ
575 2717 634 2796 τῆς
644 2709 705 2796 μὲν
715 2716 847 2794 γραφῆς
855 2709 1112 2797 ἐκκρουομένης,
1130 2713 1233 2778 δικῶν

286 2810 322 2877 δὲ
339 2807 401 2877 οὐκ
419 2806 545 2893 οὐσῶν,
567 2815 737 2894 γίγνονται
747 2812 860 2886 παῖδες
876 2811 913 2875 ἐκ
933 2808 1054 2877 τούτου
1070 2815 1110 2897 τῇ
1127 2815 1231 2895 μητρί.

286 2911 341 2978 καί
362 2905 443 2994 μετά
465 2914 568 2975 ταῦτα
593 2907 770 2993 (εἰρήσεται
789 2904 854 2994 γάρ
870 2905 1088 2992 άπασαπρδς
1109 2905 1233 2994 ὑμάςὴ

286 3007 444 3093 ἀλήθεια,
463 2998 490 3072 ῶ
511 3004 632 3092 ἀνδρες
649 3006 811 3082 δικασταὶ)
828 3006 944 3074 πολλοὶ
960 3005 1022 3092 μὲν
1038 3007 1093 3073 καὶ
1113 3005 1234 3090 φιλάν-

285 3117 421 3192 θρωποι
435 3105 527 3189 λόγοι
538 3101 700 3189 παρά-της
717 3103 838 3190 μητρὸς
849 3106 1017 3190 ἐγίγνοντο
1034 3105 1089 3183 καὶ
1106 3102 1233 3188 δεήσεις

286 3203 371 3291 ὑπὲρ
390 3209 584 3290 Φορμίωνος
603 3204 754 3288 τουτονί,
778 3203 894 3288 πολλοὶ
911 3201 946 3269 δὲ
963 3201 1020 3268 καί
1037 3200 1162 3286 μέτριοι
1178 3203 1233 3270 καὶ

256 3303 433 3376 5ταπεινοί
444 3298 523 3386 παρ’
537 3299 643 3368 αὐτοῦ
654 3301 785 3369 τούτου.
811 3305 867 3370 ἵνα
881 3297 932 3384 δὲ,
952 3290 979 3364 ῶ
996 3297 1115 3382 ἄνδρες
1130 3297 1233 3386 Ἀθη-

285 3416 389 3487 ναῖοι,
415 3403 564 3485 συντέμω
581 3408 701 3486 ταῦτα,
727 3398 837 3485 ἐπειδὴ
856 3410 963 3464 ποιεῖν
979 3420 1013 3461 τε
1033 3392 1132 3463 οὐδὲν
1150 3394 1231 3489 ῶετο

287 3506 358 3570 δεῖν
375 3492 424 3567 ῶν
440 3498 514 3566 τότε
532 3495 738 3587 ὡμολόγησε,
761 3498 816 3566 καὶ
826 3494 866 3563 τά
877 3494 1025 3583 χρήματα
1038 3491 1233 3579 ἀποστερεῖν

286 3592 589 3684 ἐνεχείρησενάτῆς
598 3599 755 3683 τραπέζης
765 3590 1019 3680 εἷχενάφορμὴυ,
1027 3591 1233 3681 δίκηυῦναγ-

286 3699 420 3784 κάσθηυ
430 3695 520 3786 αὐτῶ
532 3704 658 3783 λαχεῖν,
677 3692 787 3780 ἐπειδὴ
800 3693 933 3780 τάχιστα
951 3696 1080 3774 ἐξουσία
1092 3694 1230 3776 ἐγένετο.
1240 3711 1309 3764 1103
1333 3703 1336 3709 ’

329 3793 466 3846 Demosth.
490 3793 548 3844 Vol.
561 3792 610 3848 ΙΙΙ.
761 3837 763 3842 .
786 3844 790 3849 ,
1064 3790 1081 3841 5
