3159 4409
548 521 691 582 RATA
717 490 964 584 Νοιιοκε.
1109 558 1111 563 -
1166 522 1228 590 νει

240 701 275 756 36
284 676 565 768 Λακεδαιμονίους
575 679 635 748 τόν
645 677 785 765 ὕστερον
803 681 955 768 πόλεμον.
990 686 1184 770 διατρίψασα
1196 686 1228 754 δ’

284 786 321 850 ἐν
332 795 401 859 τοίς
412 779 581 865 Μεγάροις
594 777 648 846 δύ’
663 784 734 866 ἔτη,
746 806 834 847 τουτ
859 785 899 848 ἐπ
921 789 1063 850 Αστειου
1074 782 1230 869 ἄρχοντος

284 884 340 949 καὶ
348 877 580 956 ’Λλκισθέυους
589 876 756 964 ἐνιαυτόν,
779 869 824 956 ως
834 876 919 967 αὐτῇ
936 876 1032 966 ἡάιιό
1044 889 1106 949 τοῦ
1117 881 1231 968 στόμα-

284 1005 341 1058 τος
351 980 486 1063 ἐργασία
502 974 564 1061 οὐχ
579 973 699 1062 ἱκανὴν
716 973 878 1058 εὐπορίαν
887 992 1041 1063 παρεῖχεν
1052 978 1135 1048 ὥστε
1147 973 1230 1049 διοι-

284 1091 356 1145 κεῖν
377 1075 439 1162 τὴν
458 1081 581 1161 οἰκίαν,
597 1116 634 1125 -
646 1074 826 1160 πολυτελὴς
842 1073 875 1142 δ’
886 1069 947 1161 ἦν,
975 1079 1228 1164 οἰΜεγαρείςδ’

285 1173 565 1258 άνελεύθεροικαί
576 1172 784 1259 μικρολόγοι,
802 1176 905 1254 ξένων
915 1175 951 1243 δὲ
962 1174 1004 1243 οὐ
1015 1177 1105 1244 πάνυ
1116 1181 1230 1265 ἐπιδη-

284 1279 342 1361 μία
353 1265 396 1359 ἦν
407 1269 529 1341 αὐτόθι
540 1270 594 1339 διά
604 1270 642 1340 τό
652 1272 800 1359 πόλεμον
810 1271 894 1340 εἰναι
904 1277 959 1341 καλ
969 1273 1047 1353 τούς
1054 1278 1230 1363 Μεγαρέας

284 1378 492 1458 λακωνίζειν,
514 1379 571 1459 τῆς
588 1371 623 1439 δὲ
639 1373 806 1458 θαλάττης
816 1369 902 1457 ὑμᾶς
916 1371 1043 1458 άρχειυ·
1066 1380 1111 1452 εἰς
1122 1374 1158 1441 δὲ
1168 1371 1230 1460 τὴν

240 1538 242 1545 ,
284 1473 459 1556 Κόρινθον
471 1468 534 1538 οὐκ
544 1474 622 1556 ἐξῆν
637 1468 723 1557 αὐτῇ
740 1472 938 1538 ἐπανελθεῖν
949 1468 1003 1537 διά
1013 1468 1050 1538 τό
1062 1470 1229 1561 ἐπίτούτω

285 1567 495 1655 ἀπηλλάχθαι
506 1565 570 1635 άπὸ
580 1576 641 1636 τοῦ
651 1563 847 1650 Εὐκράτους
857 1571 912 1634 καλ
921 1576 983 1635 τοῦ
996 1572 1228 1655 Τιμανορίδου,

240 1704 273 1760 37
287 1665 360 1733 ὥστ’
373 1671 411 1734 ἐυ
425 1673 584 1756 Κορίνθῳ
602 1662 646 1751 μη
664 1664 867 1750 ἐργάζεσθαι.
903 1663 948 1745 ὦς
968 1659 1032 1734 οὐν
1046 1665 1229 1753 γίγνεταιὴ

287 1764 400 1851 εἰρήνη
419 1761 440 1851 ἡ
457 1766 510 1832 ἐπὶ
525 1767 768 1851 Φρασικλείδου
782 1764 942 1849 Ιἄρχοντος
957 1767 1011 1832 καί
1026 1761 1144 1852 ἧμάχη
1160 1763 1230 1854 ηέν

284 1863 466 1946 Λεύκτροις
484 1869 639 1950 Θηβαίων
655 1864 711 1930 καί
726 1867 1012 1949 Λακεδαιμονίων,
1032 1859 1096 1932 τότ’
1115 1868 1229 1951 ἐπιδη-

283 1960 433 2047 μήσαντα
443 1962 620 2048 Στέφανον
634 1964 768 2030 τουτονὶ
785 1968 831 2040 εἰς
847 1960 888 2028 τά
899 1965 1042 2049 Μέγαρα
1057 1965 1112 2032 καὶ
1126 1954 1229 2032 κατα-

283 2060 427 2145 γόμενον
449 2057 493 2139 ως
512 2058 619 2148 αὐτὴν
639 2063 771 2141 ἑταίραν
794 2053 900 2128 οὖσαν
926 2065 982 2130 καὶ
1003 2063 1229 2149 πλησιάσαντα
1252 2102 1254 2106 ⁴

284 2156 378 2247 αὐτῇ,
389 2162 608 2246 διηγησαμένη
615 2159 721 2227 πάντα
729 2156 769 2225 τά
778 2165 989 2244 πεπραγμένα
998 2165 1052 2229 καλ
1060 2163 1122 2248 τὴν
1130 2162 1230 2249 ὕβριν

283 2266 344 2325 τοῦ
356 2263 567 2342 Φρυνίωνος,
587 2259 642 2323 καί
656 2260 816 2324 ἐπιδοῦσα
833 2253 856 2322 ά
872 2259 1011 2342 ἐξῆλθεν
1022 2263 1142 2343 ἔχουσα
1154 2260 1228 2342 παρ’

284 2355 405 2439 αὐτοῦ,
416 2356 626 2440 ἐπιθυμοῦσα
636 2354 696 2438 μὲν
706 2362 764 2437 τῆς
774 2354 898 2420 ἐνθάδε
910 2357 1082 2441 οἰκήσεως,
1101 2367 1229 2444 φοβον-

284 2461 364 2542 μένη
378 2455 414 2520 δὲ
430 2451 490 2520 τόν
506 2459 685 2536 Φρυνίωνα
701 2449 756 2517 διά
771 2449 809 2517 τό
827 2444 1021 2538 ἠδικηκέναι
1033 2456 1095 2539 μὲν
1112 2453 1228 2542 αὐτὴν,

284 2555 411 2622 ἐκείνου
425 2553 459 2621 δὲ
471 2549 609 2637 ὀργίλως
619 2556 705 2637 ἔχειν
715 2547 802 2638 αὐτῇ
807 2601 816 2635 ,
840 2549 986 2638 σοβαρόν
999 2551 1034 2619 δέ
1044 2554 1099 2621 καί
1110 2551 1229 2639 ὀλίγω-

285 2680 346 2740 ρον
358 2657 463 2720 εἰδυία
474 2649 579 2719 αὐτοῦ
589 2651 649 2719 τόν
659 2650 784 2734 τρόπον
793 2650 884 2735 ὄντα,
895 2642 1086 2735 προΐσταται
1096 2655 1230 2737 Στέφα-

241 2751 488 2838 38νουτουτονί
499 2747 608 2836 αὐτῆς.
631 2750 754 2833 ἐπάρας
765 2748 800 2816 δέ
811 2746 916 2836 αὐτὴν
926 2741 1024 2828 αὐτος
1037 2753 1073 2818 ἐν
1082 2759 1231 2830 τοῐςΜε-

285 2852 399 2936 γάροις
411 2857 459 2938 τῷ
469 2850 557 2939 λόγῳ
568 2850 622 2917 καὶ
633 2850 795 2935 φυσήσας,
805 2845 848 2927 ως
858 2848 1035 2918 κλαύσοιτο
1046 2847 1230 2936 όΦρννίωυ

287 2954 317 3015 εἰ
327 2948 444 3027 άψαιτο
456 2946 572 3034 αὐτῆς,
584 2947 735 3034 άδικήσοι
747 2947 782 3016 δὲ
793 2945 901 3027 οὐδεὶς
912 2945 1120 3033 ἀνθρώπων,
1131 2946 1231 3027 αὐτὸς

287 3052 323 3116 δὲ
333 3063 473 3134 γυναῖκα
484 3046 589 3135 αὐτὴν
602 3049 695 3134 ἕξων,
709 3048 787 3127 τούς
798 3074 832 3115 τε
843 3054 959 3126 παῖδας
970 3047 1048 3126 τούς
1059 3049 1157 3128 ὄντας
1169 3045 1232 3115 αὐ-

286 3157 325 3238 τῇ
336 3149 410 3217 τότε
422 3146 559 3228 εἰσάξων
570 3153 616 3226 εἰς
631 3144 709 3226 τούς
719 3149 885 3234 φράτερας
896 3145 940 3225 ὡς
951 3144 1056 3215 αὑτοῦ
1067 3147 1165 3226 ὄντας
1174 3152 1229 3216 καί
1240 3167 1306 3224 1358

252 3316 255 3326 ,
286 3255 420 3327 πολίτας
431 3247 588 3333 ποιήσων,
600 3243 784 3332 άφικυείται
795 3244 900 3330 αὐτὴν
911 3251 994 3330 ἔχων
1005 3249 1105 3330 δεῦρο
1115 3250 1150 3315 ἐκ
1161 3254 1228 3316 τῶν

285 3349 472 3434 Μεγάρων,
494 3349 549 3414 καί
565 3351 677 3413 παιδία
693 3343 756 3432 μετ’
770 3343 872 3431 αὐτῆς
882 3351 971 3430 τρία,
994 3345 1164 3439 Πρόξενον
1174 3352 1229 3418 καί

243 3470 278 3526 39
284 3445 461 3532 Ἀρίστωνα
473 3448 527 3513 καὶ
539 3448 719 3531 θυγατέρα,
730 3442 774 3530 ἢν
784 3446 860 3512 υυνί
872 3440 972 3510 Φανω
983 3452 1150 3513 καλοῦσιν.
1174 3450 1229 3515 καί

288 3546 411 3631 εἰσάγει
423 3543 528 3632 αὐτὴν
539 3549 593 3613 καί
604 3541 643 3613 τά
655 3548 767 3612 παιδία
780 3548 826 3621 εἰς
841 3541 878 3610 τό
891 3547 1044 3630 οἰκίδιον,
1070 3541 1090 3612 ὂ
1104 3539 1148 3631 ἦν
1166 3543 1229 3611 αὐ-

286 3651 333 3732 τῷ
350 3642 439 3726 παρά
456 3640 517 3710 τόν
534 3639 738 3727 ψιθυριστὴν
749 3639 888 3728 Ἑρμῆν,
911 3642 1031 3728 μεταξὺ
1041 3651 1098 3728 τῆς
1107 3652 1228 3725 Δωρο-

285 3746 369 3810 θέον
380 3750 440 3809 τοῦ
456 3740 658 3810 Ἐλευσινίου
673 3745 775 3819 οἰκίας
789 3741 843 3809 καὶ
857 3747 914 3827 τῆς
923 3741 1167 3826 Κλεινομάχου,
1184 3735 1227 3824 ἢν
